2826 4740
1150 352 1323 371 --·-··
1415 318 1538 385 126

430 502 517 571 ab
555 498 811 599 hymno
856 472 1188 583 Apollinis
1227 514 1295 559 v.
1324 510 1428 558 20.
1517 450 1745 573 Talia,
1805 492 2011 559 etiam
2047 492 2194 557 sine
2231 491 2517 559 Homeri

431 574 849 681 auctoritate,
888 598 1136 714 partim
1170 596 1253 661 ab
1282 592 1567 661 Hesiodo
1609 594 1888 687 aliisque
1912 606 2303 679 monstrata,
2345 618 2517 683 par-

322 758 327 764 -
428 708 557 773 tim
612 704 695 771 ab
739 702 883 768 aliis
922 699 1139 787 poetis
1180 711 1249 764 et
1299 718 1391 763 ex
1437 717 1754 773 sermone
1803 696 2158 763 ‘communi
2213 708 2514 785 accepta,

428 809 547 877 eetl
572 807 719 872 haec
748 803 1023 891 quidem
1066 800 1362 881 modice,
1404 799 1756 886 ‚vsurpauit
1797 800 2171 867 Choerilus.
2259 800 2384 865 Est
2405 812 2518 865 ta·-

428 935 589 982 men
633 910 705 976 in
741 906 816 972 vi
860 916 926 969 et
964 927 1087 972 vsu
1126 901 1442 971 vocabuli
1481 900 1769 987 νόμιμος,
1821 902 2004 990 quod
2041 902 2262 992 probe
2295 902 2516 973 notes.

308 1084 326 1102 ,
428 1016 771 1085 Homerus
810 1005 1234 1082 δικαιοτάτους·
1267 1004 1546 1071 dixerat.
1631 1003 1922 1071 Eosdem
1957 1005 2308 1097 Choerilus
2331 1008 2520 1089 νομί-

372 1134 379 1148 ’
428 1143 582 1203 μους
614 1109 1065 1202 appellauit,
1056 1130 1137 1173 eo
1164 1107 1313 1172 fere
1341 1128 1578 1190 sensu,
1623 1130 1759 1195 quo
1785 1106 2030 1173 Strabo
2053 1106 2202 1175 illos
2231 1106 2517 1190 εὐνομεῖ-

430 1230 596 1289 σθαι
624 1212 775 1301 πρός
810 1207 1105 1289 ἀλλήλους
1132 1209 1309 1274 dicit.
1394 1208 1796 1296 Infrequens
1841 1222 1940 1275 est
1966 1210 2106 1275 haec
2129 1209 2310 1274 vocis
2333 1206 2518 1295 νόμι-
2563 1268 2576 1273 ,

428 1348 547 1408 μσς
570 1314 985 1416 significatio.
1070 1312 1203 1381 Sed
1232 1312 1339 1377 vel
1365 1311 1498 1377 hoc
1526 1313 1840 1399 exemplo
1866 1312 2306 1395 defenderim,
2331 1314 2516 1399 quod

398 1423 677 1511 legitur
711 1418 787 1483 in
828 1414 1141 1502 Xenoph.
1182 1414 1557 1479 Memorab.
1601 1417 1652 1480 Ι.
1703 1412 1788 1479 ΙῙ.
1832 1415 1937 1480 41.
1972 1414 2223 1501 νόμιμοι
2271 1418 2509 1501 ἄνδρες.

414 1528 595 1615 Quo
640 1522 793 1589 loco
836 1514 1209 1583 Schaeferus
1254 1516 1338 1579 ad
1376 1516 1659 1609 Gregor.
1705 1518 1860 1583 Cor.
1905 1540 2057 1605 pag.
2085 1518 2234 1584 405.
2272 1525 2517 1602 νομικοὶ

428 1624 697 1697 restitui
730 1606 959 1689 voluit
973 1666 994 1702 ,
1056 1617 1117 1683 si
1149 1617 1324 1683 bene
1362 1618 1554 1709 capio
1611 1618 1750 1685 viri
1787 1619 2312 1707 praestantissimi
2347 1644 2516 1688 sen-

426 1727 736 1797 tentiam.
2489 1732 2500 1746 ⁸

599 1831 745 1896 Iam
768 1848 934 1892 vero
964 1822 1557 1891 demonstrandum
1587 1836 1707 1910 est,
1727 1848 1933 1917 quam
1959 1839 2140 1895 recte
2162 1828 2308 1910 hoe,
2333 1804 2518 1913 quod

410 1930 746 2011 -tractaui,
802 1926 1099 1995 Choerili
1124 1924 1577 2013 fragmentum
1619 1954 1660 1997 a
1703 1954 1818 1996 me
1859 1934 2266 1999 collocatum
2305 1928 2342 1994 f
2341 1930 2516 1996 uerit

378 2048 391 2063 ⁸
410 2040 501 2107 ·in
545 2031 859 2111 Persicis,
922 2040 990 2093 et
1036 2050 1334 2113 quonam
1377 2029 1550 2097 illud
1607 2032 2028 2099 Persicorum
2068 2035 2223 2099 loco
2262 2031 2517 2096 lectum

424 2138 638 2205 fuisse
666 2132 997 2198 videatur.
1086 2129 1313 2197 Simul
1346 2134 1662 2219 agitanda
1687 2147 1787 2200 est
1817 2134 2112 2223 quaestio,
2157 2154 2365 2219 quam
2391 2154 2514 2197 su·-
2598 2154 2602 2159 ’

424 2262 554 2331 pra
581 2234 907 2321 attingere
938 2234 1098 2299 satis
1142 2234 1381 2315 habui,
1427 2236 1839 2322 grauissima.
1923 2238 2025 2304 Ea
2065 2256 2230 2301 vero
2256 2246 2356 2299 est
2384 2234 2518 2299 tri·-
2609 2291 2616 2300 .

412 2339 695 2435 :partim-
793 2336 905 2404 An
954 2332 1249 2402 Choerili
1294 2358 1568 2404 carmen
1618 2338 1787 2422 hoc,
1839 2338 2034 2428 quod
2091 2336 2513 2426 appellamus

422 2443 684 2516 Persica
699 2488 719 2521 ‚
788 2451 1036 2526 praeter
1073 2439 1383 2506 Xerxem
1398 2489 1420 2522 ,
1497 2442 1696 2508 etiam
1733 2439 1924 2508 Darii
1967 2450 2207 2507 contra
2244 2439 2514 2504 Graecos

422 2549 679 2616 bellum
709 2540 1138 2607 continuerit.
1184 2581 1191 2588 ·
1229 2538 1338 2604 An
1363 2541 1560 2608 Darii
1583 2543 1837 2610 bellum
1870 2565 2166 2634 graecum
2191 2539 2516 2628 singulari

424 2644 725 2728 carmine
770 2641 1093 2708 cecinerit
1134 2639 1512 2709 Choerilus.
1596 2646 1708 2713 An
1747 2647 2127 2734 Scythicam
2157 2641 2354 2708 Darii
2381 2663 2515 2705 ex·—

420 2749 839 2847 peditionem
882 2743 1312 2829 descripserit
1354 2743 1728 2861 Choerilus·
1814 2746 2218 2835 Apparebit,
2277 2766 2364 2809 ex
2405 2743 2514 2810 his

420 2855 739 2946 qmnibus
764 2849 937 2916 nihil
961 2867 1203 2912 verum
1238 2867 1401 2914 esse.
1766 2887 1771 2893 ·

597 2953 911 3027 Vossius,
953 2970 1161 3036 quem
1200 2972 1409 3038 supra
1412 2945 1764 3035 laudaui,
1803 2953 1888 3019 de
1929 2951 2258 3020 historicis
2285 2949 2513 3045 graecis

424 3067 537 3136 IV
562 3061 706 3134 VII.
730 3080 800 3146 p.
830 3051 975 3119 203.
1021 3063 1389 3138 postquam
1431 3075 1706 3122 carmen
1749 3055 2046 3122 Choerili
2081 3056 2254 3122 illud
2285 3055 2368 3118 de
2397 3051 2514 3116 vi-

424 3165 639 3236 ctoria
664 3161 1065 3228 Graessorum
1094 3175 1137 3218 a
1152 3153 1291 3219 Xer
1278 3175 1379 3218 ‘xe
1399 3171 1748 3244 reportata
1771 3157 2348 3233 commemorauit,
2377 3153 2512 3218 alia

422 3268 725 3336 eiusdem
758 3277 963 3349 opera
990 3276 1376 3322 recensens:
1433 3247 1630 3325 Inter
1668 3285 1780 3340 ea,
1827 3281 1991 3348 quoe
1983 3257 2260 3323 Suidas
2287 3255 2515 3322 innuit

411 3368 649 3480 potius
664 3409 693 3446 ,
738 3385 947 3454 quam
986 3357 1289 3438 indicat,
1320 3353 1478 3448 fuit
1503 3383 1784 3426 carmen
1809 3361 1894 3424 de
1921 3359 2221 3428 victoria
2249 3358 2512 3425 admem-

420 3493 565 3551 sus
588 3456 918 3535 Darium.
1008 3464 1213 3529 Cuius
1271 3458 1373 3524 rei
1433 3460 1891 3528 testimonium
1945 3446 2150 3528 affert
2195 3461 2312 3527 illa
2363 3462 2513 3552 ipsa

418 3567 767 3642 Strabonis
791 3565 1036 3632 verba.
1080 3565 1285 3632 Καλεῖ
1318 3565 1385 3629 δὲ
1408 3569 1710 3652 Χοιρίλου
1735 3561 1988 3632 εἰπόντα
2015 3569 2084 3631 ἐν
2123 3566 2202 3656 τῇ
2211 3564 2512 3682 διαβάσει

416 3679 529 3757 τῆς
574 3675 815 3760 excolu&
825 3719 851 3750 ,
903 3668 984 3748 ,ἲν
1024 3667 1216 3747 ἔζευξε
1249 3670 1544 3756 Δαρεῖος.
1642 3669 1735 3736 Et
1777 3689 1864 3735 ex
1900 3689 1980 3732 eo
2019 3667 2319 3732 carmine
2363 3687 2511 3734 esse

414 3779 543 3846 hos
586 3768 889 3840 Choerili
929 3792 1197 3838 versust
1256 3769 1633 3850 Μηλονόμοι
1673 3799 1739 3840 τε
1775 3767 2002 3838 Σάκαι.
2081 3769 2155 3838 {V
2153 3767 2310 3834 ossii
2347 3789 2530 3852 sen-¹

412 3877 688 3946 tentiam
706 3924 726 3957 ,
812 3869 929 3935 sed
988 3870 1375 3960 paullulum
1436 3874 1764 3942 deflexam
1803 3885 2004 3960 atque
2045 3872 2506 3950 immutatam,

409 3975 763 4069 adoptauit
804 3971 1387 4061 Schellenbeigius
1415 3976 1510 4042 ad
1534 3975 1785 4044 Antim-
1818 3999 1971 4066 pag.
2005 3975 2108 4063 59.
2135 3973 2306 4061 qui,·
2303 3983 2408 4038 vt
2431 3971 2506 4038 in

346 4126 354 4135 ,
406 4108 483 4156 re
510 4093 747 4156 certe..
770 4072 1169 4162 Choerilus,
1212 4075 1478 4170 inquit,
1497 4080 1643 4176 qui
1668 4079 1858 4152 holla
1885 4077 2300 4148 Graecorum
2343 4097 2502 4166 cum
