2826 4740
1021 323 1629 414 *49*

231 497 689 584 Plutarchus,
733 494 916 588 qnod
943 497 1196 566 iterum
1215 495 1505 582 inculco,
1526 495 2200 589 incertumjrelinquit
2216 553 2236 587 ‚
2276 520 2371 575 an·
2478 493 2487 498 ”

169 655 176 665 -
266 603 604 694 scripserit
629 601 882 690 aliquid
905 601 984 670 in
1009 599 1336 688 Lysandri
1364 600 1699 668 honorem
1720 599 2097 670 Choerilus.
2140 602 2363 674 Dein-

188 728 204 746 ·
265 706 392 786 de,
437 703 618 791 quod
647 705 927 792 legitur:
970 707 1268 788 ,Χοιρίλον
1294 706 1415 788 μὲν
1446 699 1542 770 ἀεὶ
1574 709 1719 786 περὶ
1745 701 1937 770 αὐτὸν
1964 706 2147 792 εἶχεν,
2172 729 2362 791 caue,

263 829 360 875 ne
401 805 500 874 ibi
535 821 740 874 sensu
782 802 996 884 nimis,
1031 806 1162 874 lato
1207 803 1489 892 aecipias
1533 802 1702 870 illud
1738 805 1859 872 ἇεί.
1932 806 2363 894 Lysandrum

265 931 540 996 semper
581 931 810 974 secum
857 905 1132 972 duxisse
1171 916 1441 994 poetam
1476 905 1807 992 aliquem,
1850 924 2029 993 oegre
2056 909 2366 980 credide..

267 1011 428 1082 rim.
463 1010 952 1098 .Cpgitandum
991 1019 1093 1078 est
1129 1007 1216 1072 de
1255 1019 1443 1076 certo
1488 1009 1781 1096 quodam
1820 1018 2163 1100 tempore,
2224 1039 2361 1104 quo

265 1113 588 1200 quidem,
644 1123 720 1178 vt
773 1114 1114 1186 monitum
1163 1122 1300 1191 eat,
1358 1111 1497 1179 iam
1538 1110 1831 1199 inclytus
1852 1111 2116 1197 ,sum-it,
2172 1129 2237 1182 et
2275 1119 2365 1186 de

267 1225 457 1282 certa
497 1213 792 1302 quadam
837 1212 1266 1304 expeditione
1305 1211 1659 1302 Lysandri.
1730 1213 1861 1282 Hic
1898 1237 2064 1282 vero
2096 1218 2182 1283 ad
2211 1243 2362 1289 rem

267 1318 534 1403 egregie
562 1317 879 1387 conuenit
893 1314 1230 1406 Lysandri
1263 1315 1603 1404 expeditio
1634 1316 1709 1382 in
1724 1316 2029 1384 Samum.
2074 1318 2363 1392 Samum

265 1441 485 1506 quum
517 1419 720 1488 breui
765 1431 922 1508 post
961 1422 1302 1508 proelium
1351 1419 1533 1507 apud
1574 1417 1791 1504 Aegos
1820 1418 2079 1486 flumen
2101 1435 2363 1508 gestum

265 1519 523 1589 flustra
550 1523 666 1595 ille
691 1523 1216 1621 oppugnauisset
1239 1522 1515 1610 Olymp.
1532 1521 1769 1588 XCIII,
1790 1519 1853 1586 4.
1881 1535 2135 1611 postea,
2148 1541 2366 1616 napta

213 1679 219 1689 .
267 1602 696 1693 Athenarum
739 1648 822 1690 vi
811 1624 947 1700 ·,be
991 1635 1058 1690 et
1102 1627 1324 1710 longis
1351 1622 1565 1692 muris
1592 1621 1873 1704 eneisis,
1920 1633 2370 1716 expugnauiff

269 1737 536 1794 veteres
609 1729 788 1794 ciues
849 1728 1170 1807 restituit,
1239 1727 1599 1795 admlmstt
1601 1725 1894 1792 ationem
1955 1736 2367 1820 composuit,
2404 1741 2412 1748 ’

273 1829 560 1922 Qlymp.
583 1825 824 1898 XCIV.
863 1851 915 1902 ι.
959 1829 1707 1900 Vid.D10dorumXII1.
1728 1829 1899 1899 CVI.
1934 1841 1999 1895 et
2030 1833 2211 1902 XIV.
2245 1837 2365 1909 III.

268 1931 587 2020 Xenoph.
633 1931 802 1998 Hist.
853 1932 973 1998 Gr.
1005 1933 1084 1998 ΙΙ.
1113 1933 1224 1998 ΙΙΙ.
1261 1931 1323 1998 5.
1357 1931 1417 1995 6.
1453 1953 1515 2016 7.
1564 1931 1671 1996 ed.
1720 1931 1977 2000 Weisk.
2019 1935 2371 2006 Plutarch.

264 2035 426 2122 Lys.
467 2057 620 2123 pag.
659 2033 808 2100 440.
855 2033 930 2100 F.
982 2052 1186 2120 quem
1233 2032 1510 2120 quidem
1546 2032 1736 2100 Sami
1786 2040 2375 2124 expugnationem

264 2137 420 2204 loco
469 2161 610 2204 non
644 2159 770 2203 suo
814 2159 1071 2225 ponere
1091 2171 1096 2176 ·
1114 2134 1597 2210 ammaduertit
1636 2135 2011 2206 palmerius
2036 2142 2109 2207 in
2134 2145 2373 2214 Exer-

266 2239 384 2304 cit.
413 2261 568 2331 pag.
593 2261 732 2326 ι99.
776 2239 950 2304 Eam
982 2239 1378 2323 Plutarchus
1411 2261 1491 2304 eo
1516 2239 1683 2318 loco,
1732 2237 1850 2324 qui
1880 2253 1985 2306 est
2014 2264 2083 2331 p.
2112 2245 2260 2312 442.
2276 2243 2371 2321 A.i

264 2339 567 2407 insereie
607 2339 964 2424 debuerat,
1028 2353 1110 2411 vt
1152 2343 1248 2412 ibi
1289 2343 1605 2430 Bryanus
1644 2353 1882 2409 monet
1926 2365 2037 2431 ap.
2086 2345 2373 2416 Hutoen..

262 2444 378 2515 Ex
405 2442 529 2541 ‚his
579 2446 1024 2541 scriptoribus
1061 2448 1240 2515 solus
1287 2444 1627 2512 Diodorus
1664 2463 1855 2525 eam,
1900 2466 2107 2531 quam
2153 2450 2371 2537 tetigi,-

319 2532 464 2611 ami
503 2548 1116 2637 oppugnationem,
1163 2549 1441 2637 olymp.
1472 2544 1712 2617 XCIII.
1744 2547 1809 2615 4.
1839 2562 2375 2637 commemoratj·

265 2650 390 2715 sed
439 2663 536 2717 est
555 2653 818 2737 aliquid
851 2652 1072 2719 simile
1096 2650 1281 2739 apud
1311 2647 1855 2739 Xenoph.11.11.
1891 2652 1953 2719 6.
2014 2639 2208 2723 Vnde
2237 2676 2367 2745 ap-
2490 2650 2509 2665 ”

261 2764 499 2841 paret,
540 2752 720 2831 iusto
754 2753 1028 2821 breuius
1066 2754 1254 2841 loqui
1299 2754 1853 2820 Pausaniam1.-l.
1884 2777 2033 2844 pag.
2065 2755 2213 2821 460.
2247 2757 2366 2845 qui

265 2869 418 2943 post
469 2856 809 2943 proelium
863 2855 1046 2945 apud
1101 2856 1318 2945 Aegos
1379 2856 1639 2926 flumen
1687 2856 2033 2945 Lysandro
2070 2868 2364 2925 statuam

267 2956 614 3049 Olympiae
651 2958 940 3044 positam
981 2980 1124 3023 esse
1167 2981 1208 3023 a
1253 2957 1495 3025 Samiis
1526 2956 1817 3021 referat·
1801 3004 1818 3019 .
1864 2978 2080 3040 quum
2114 2970 2182 3023 et
2211 2958 2363 3042 hoc,

268 3072 331 3125 et
363 3058 483 3147 qui
509 3058 621 3123 alii
651 3060 1000 3147 Lysandro
1025 3059 1314 3125 honores
1341 3054 1557 3123 habiti
1585 3058 1745 3121 sunt
1772 3078 1811 3121 a
1842 3056 2123 3138 Samiis,
2166 3082 2366 3149 paean
2457 3116 2469 3131 .

262 3164 382 3229 ille
431 3174 496 3227 et
541 3160 1084 3249 Lysandriorum
1131 3160 1527 3251 appellati0‚
1572 3157 1657 3222 ad
1690 3168 1959 3247 tempus
1988 3160 2219 3247 paullo
2248 3186 2365 3229 se·-

265 3264 446 3343 rius,
485 3276 639 3353 post
683 3276 952 3353 captam
987 3265 1305 3346 Samum,
1347 3260 1703 3329 referenda
1733 3260 1887 3325 sint.
1950 3262 2188 3349 Itaque
2220 3265 2363 3332 cir·-
2394 3336 2403 3359 ι

267 3391 352 3432 ca
387 3366 520 3432 hoc
559 3380 868 3455 tempus,
907 3368 1017 3434 Ol.
1045 3366 1279 3434 XCIII.
1293 3366 1376 3441 4.
1425 3377 1495 3431 et
1516 3360 1763 3433 XCIV.
1812 3386 1865 3428 ι.
1912 3386 2065 3429 cum
2095 3365 2366 3455 Lysan-

264 3470 392 3535 dro
441 3481 750 3535 versatus
795 3480 895 3533 est
943 3470 1344 3539 Choerilus·
1424 3492 1501 3535 ac
1541 3466 1824 3531 fortasse
1865 3487 2027 3533 cum
2068 3469 2365 3559 antiquis

259 3572 394 3637 illis
445 3570 711 3638 ciuibus
753 3593 791 3633 e
824 3569 1028 3637 Samo
1054 3572 1342 3647 abierat,
1393 3594 1563 3659 quos
1590 3568 1925 3634 eiecerant
1950 3568 2204 3653 Samii,
2246 3597 2364 3641 re-

250 3674 478 3748 „stituit
508 3673 904 3761 Lysander„
937 3673 1028 3740 Vt
1066 3676 1270 3741 etiam
1301 3673 1376 3745 in
1407 3674 1611 3738 rebus
1644 3670 1952 3745 ciuilibus
1987 3696 2217 3740 caussa
2244 3674 2367 3740 fu-

133 3856 144 3867 ·
265 3778 430 3858 erit,
475 3800 599 3842 cur
635 3782 1023 3843 versaretur
1049 3799 1206 3841 cum
1229 3773 1588 3865 Lysandro
1622 3773 2004 3841 Choerilus.
2066 3775 2201 3842 Sed
2231 3776 2365 3864 hoe

262 3902 544 3968 prorsus
589 3880 964 3958 incertum3
1005 3878 1419 3969 praesertim,
1474 3876 1531 3942 si
1570 3897 1817 3941 verum
1860 3876 1987 3958 sit,
2026 3876 2232 3963 “quod
2282 3879 2367 3943 de

262 3982 490 4047 seruili
530 3978 826 4049 Choerili
879 3980 1264 4049 conditione
1308 3978 1573 4069 scripsit
1611 3975 1877 4053 Suidas.
1950 3979 2111 4044 Iure
2164 3978 2369 4044 dubi-

259 4092 390 4173 tes,
450 4105 543 4171 an
587 4104 730 4151 non
771 4084 950 4151 vltra
997 4082 1421 4175 Olympiadis
1458 4080 1692 4157 XCIV.
1744 4100 2009 4149 annum
2058 4080 2367 4175 primum
2580 4152 2598 4159 ,

1559 4180 1637 4246 'D
