2826 4740
868 395 881 428 e
1074 342 1254 367 m
1332 311 1418 398 75
1503 329 1679 389 q--A

503 481 717 572 Quod
743 483 833 553 ad
860 480 1145 572 elegiam
1173 483 1415 556 attinet
1430 533 1466 602 ².
1492 503 1636 552 non
1661 481 1936 550 dubito
1911 531 1933 590 ⁹.
1975 482 2144 574 quin
2159 531 2180 570 ,
2225 509 2434 577 quam
2545 470 2595 576 ’ρ

282 609 287 614 ·
334 583 483 652 vim
508 585 804 656 Thebais
834 586 1274 654 Antimachi'
1252 611 1327 654 ιιι
1354 587 1620 678 epicam
1641 588 1964 701 poesin,
1922 584 2260 656 eamdem
2289 575 2439 674 feris
2499 603 2516 608 “
2544 597 2550 616 “

334 689 588 778 Lyde
562 713 641 756 ιιι
668 691 953 778 elegiam
984 689 1389 760 exseruerit.
1433 691 1589 758 Ille
1617 688 1883 776 primus
1910 691 2262 778 antiquam
2289 697 2438 762 ele.

262 785 267 791 ’
298 805 308 813 “
337 791 462 880 gdae
486 779 1018 882 simplicitatem,
1061 819 1102 862 a
1134 792 1908 876 canin0,Mimne1-mo‚
1939 794 2230 881 Tyrtaeo
2255 819 2440 885 prae-

336 894 698 984 scriptam3
729 906 1121 980 temerasse,
1162 897 1490 983 praeclaro
1527 895 1867 992 exemplo,
1926 895 2440 984 dispositionem

338 997 952 1070 artificiosiorem
894 1047 917 1082 ,
1002 999 1119 1066 sed
1166 997 1478 1066 eamdem
1527 981 1993 1066 molestiorem
2011 1046 2032 1082 ‚
2117 999 2442 1072 doctrinae

338 1123 551 1188 quum
576 1102 654 1168 in
680 1101 923 1185 rebus,
968 1111 1121 1167 tum
1146 1101 1223 1167 in
1248 1100 1539 1168 dictione
1577 1099 2106 1168 ostentationem
2126 1096 2442 1178 intulisse
2533 1179 2538 1185 ,
2607 1159 2621 1175 ,

336 1203 413 1272 in
442 1205 577 1272 hoc
598 1227 881 1293 poeseos
924 1225 1141 1292 genus
1162 1203 1478 1270 -videtun
1517 1223 1521 1232 ·
1565 1203 1768 1296 Quod
1800 1203 2078 1291 quidem
2117 1210 2445 1302 cumLy..

340 1309 431 1377 da
457 1309 773 1384 omnibus
820 1305 1319 1374 conditionibus
1352 1309 1738 1398 comparari
1763 1313 2017 1397 posset,
2065 1313 2443 1399 elegiacum

343 1435 619 1484 carmen
662 1411 949 1479 fortasse
975 1411 1247 1478 nullum
1295 1433 1586 1499 vsquam
1621 1411 1918 1494 exstitit,
1951 1411 2022 1478 si
2050 1409 2229 1480 forte
2263 1417 2450 1486 Her..

332 1514 767 1582 mesianactis
778 1513 1142 1584 Leontium
1171 1515 1554 1603 exceperis.
1601 1503 1679 1582 ac
1705 1538 1848 1583 non
1861 1514 2181 1583 maximo
2209 1518 2284 1584 in
2311 1520 2447 1587 ho·-

226 1620 237 1632 '
343 1638 512 1688 nore
542 1619 753 1686 fuisse
794 1619 975 1706 apud
1001 1617 1505 1685 Alexandrinos
1551 1618 1810 1684 mirum
1849 1617 2024 1686 illud
2050 1617 2448 1686 Antimachi

344 1743 659 1804 carmen,
702 1733 886 1789 certe
914 1720 1097 1808 apud
1128 1719 1625 1788 Callimachum
1655 1716 1796 1788 non
1815 1721 2074 1800 fuisse,
2117 1723 2446 1805 ostendit,

309 1867 316 1885 .
344 1823 528 1911 quod
560 1821 1119 1904 commemoraui,
1136 1821 1537 1890 Callimachi
1558 1824 2022 1909 fragmentum
2039 1825 2447 1914 CCCCXLI.
2491 1851 2500 1873 ¹

342 1923 833 1994 Nihilominus
850 1938 1115 1994 certum
1160 1933 1295 2008 es't,
1354 1924 1542 2008 illas,
1599 1947 1771 2012 quas
1811 1927 2206 1995 Antimachi
2245 1931 2452 2018 Lydas
2486 1957 2496 1966 ·

344 2023 731 2118 adscripsi,
750 2028 1074 2111 virtutes,
1118 2025 1268 2092 siue
1306 2026 1538 2110 malis,
1583 2028 1788 2110 vitia,
1831 2029 1906 2095 in
1937 2020 2339 2101 Callimachi
2379 2043 2454 2099 et

346 2130 628 2199 Philetae
664 2133 876 2218 elegia
920 2121 1210 2220 passim,
1256 2151 1343 2194 ne
1371 2127 1596 2219 dicam
1645 2143 2005 2222 perpetuo,
2047 2136 2450 2202 occurrisse.

346 2233 441 2302 Et
461 2235 797 2324 profecto,
838 2257 979 2322 prae
1008 2229 1153 2300 aliis
1182 2253 1464 2320 poeseos
1497 2223 1886 2319 generibus,
1936 2235 2146 2323 elegia
2169 2237 2299 2303 hoc
2323 2239 2457 2305 ha·-

348 2338 487 2416 bet‚
530 2351 612 2407 vt
638 2339 855 2409 vanis
898 2335 1165 2419 formis,
1209 2335 1341 2403 hoc
1369 2356 1520 2403 aeuo
1567 2335 1786 2421 docta,
1829 2337 1948 2404 illo
1979 2337 2324 2425 simplex,
2341 2341 2455 2407 vel

352 2442 591 2509 eodem
618 2464 791 2525 aeuo,
834 2441 1017 2530 apud
1046 2440 1234 2529 hunc
1259 2434 1540 2527 poetam
1569 2432 1792 2522 docta,
1833 2439 2020 2527 apud
2048 2440 2250 2549 illum
2280 2440 2454 2507 sim-

349 2546 536 2635 pleat,
580 2546 864 2634 placeat.

474 2646 863 2721 Numeros
886 2648 945 2715 si
970 2645 1143 2715 velis
1168 2654 1499 2735 spectare,
1541 2641 1783 2711 incidit
1809 2642 2216 2715 Choerilus
2197 2671 2270 2714 ιιι
2302 2670 2458 2714 eam

351 2760 655 2835 aetatem,
700 2751 793 2817 de
832 2773 999 2840 qua,
1055 2750 1130 2816 in
1170 2759 1362 2815 tanto
1412 2745 1806 2815 litterarum
1851 2770 2234 2835 graecarum
2271 2774 2457 2819 nau-

349 2852 574 2941 fragio
592 2900 613 2935 ‚
654 2852 833 2922 nihil
852 2852 1277 2933 monendum
1307 2850 1590 2931 habuit,
1635 2850 1756 2937 qui
1787 2844 2306 2939 epicaepoeseos
2341 2852 2460 2917 hi·-

351 2952 639 3039 storiam
655 3001 674 3029 ,
718 2954 811 3019 ad·
852 2964 1085 3022 aetates
1122 2951 1385 3044 heroici
1429 2974 1669 3018 versus
1716 2964 2031 3031 exactam
2049 3002 2068 3035 ,
2132 2952 2457 3037 breuiter,

350 3055 475 3124 sed
500 3066 685 3123 certa
712 3055 987 3140 dextra,
1032 3053 1434 3135 delineauit‚
1478 3054 1918 3121 Hei-manuus
1943 3053 2030 3119 ad
2069 3055 2455 3142 Orpheum.

356 3158 581 3247 Atque
612 3157 880 3243 etiamsi
922 3158 1129 3246 plura
1172 3168 1389 3245 poetae
1422 3156 1648 3223 nostri
1671 3166 2024 3230 exstarent
2048 3154 2459 3242 fragmenta,

248 3325 260 3335 ,
356 3284 449 3327 ne
474 3273 629 3327 tum
652 3259 930 3347 quidem
970 3261 1189 3328 multa
1213 3258 1586 3327 inde.noua
1626 3258 1710 3324 ad
1743 3255 2191 3325 not-itiam'rei
2220 3244 2484 3354 metri-'r

360 3364 475 3449 cae'
498 3364 921 3431 accederent.
1006 3363 1151 3431 Aut
1192 3362 1437 3444 fallor,
1503 3374 1624 3429 aut
1669 3360 2065 3442 Choerilus,
2131 3358 2462 3447 Panyasis

354 3489 672 3555 quoque,
714 3466 866 3550 alii,
912 3466 1118 3533 etiam
1162 3465 1291 3533 hac
1319 3466 1413 3555 xin
1441 3486 1553 3549 rc,
1596 3474 2103 3553 postremorum
2142 3460 2468 3527 Homeri-

362 3571 607 3639 darum
654 3566 933 3656 vestigia
972 3566 1321 3653 legerunt,
1302 3592 1319 3610 ·
1364 3568 1495 3634 hac
1537 3565 1823 3643 fortasse
1848 3568 1996 3653 lege
2015 3608 2036 3639 .
2065 3572 2158 3627 ''vt
2185 3564 2269 3629 de
2300 3563 2469 3631 illo-

354 3696 523 3741 rum
539 3722 559 3757 ,
605 3683 759 3761 quae
796 3671 961 3761 ipsis
1002 3670 1392 3753 videretur,
1437 3666 1716 3736 licentia
1759 3665 2010 3753 aliquid
2048 3677 2467 3749 resecarent,

362 3774 497 3866 ipsi
524 3787 759 3842 autem
797 3796 918 3841 suo
946 3774 1173 3843 Marte
1194 3775 1512 3861 quaedam
1527 3768 1666 3837 sibi
1691 3768 2160 3857 indulgerent,
2187 3767 2476 3872 produ-

366 3876 623 3944 ctiones
668 3872 993 3963 quasdam
1032 3888 1111 3943 et
1154 3874 1670 3963 correptiones-,⁴
1707 3894 1860 3957 quae
1905 3870 2187 3939 Homeri
2223 3880 2474 3937 aucto-

366 3978 572 4047 ritate
612 3988 945 4045 carerent.
1031 3977 1537 4048 Antimachum
1579 3974 1902 4041 credibile
1941 3982 2048 4037 est
2089 3972 2472 4058 diligenter,
2510 4062 2518 4067 .

243 4154 251 4162 ,
370 4093 443 4149 et
470 4080 758 4153 fortasse
799 4078 1097 4165 maiore,
1138 4100 1349 4169 quam
1388 4077 1789 4148 Choerilum
1807 4126 1832 4161 ‚
1871 4096 2038 4143 cura
2074 4073 2478 4162 prouidisse,

702 4262 737 4279 Κ
