2826 4740
1186 266 1830 337 *4256*-

463 442 725 513 nomen'
749 438 1253 535 praescripserit,
1294 455 1416 509 aut
1443 464 1566 532 per
1596 464 1918 531 errorem,
1961 454 2082 513 aut
2108 444 2548 519 callidocon-

459 550 649 633 silio,
684 570 787 630 me
832 570 918 613 ex
954 546 1392 635 Sardanapali
1433 546 1872 637 inscriptione
1901 560 1971 615 et
1995 570 2083 617 cx
2111 550 2344 635 graecis
2373 574 2546 619 ver-

460 650 645 719 sibus
687 650 1039 719 translatos
1071 670 1212 713 esse
1252 662 1637 737 appareret.
1727 651 2074 719 Guarinus
2109 665 2408 741 autem,
2401 678 2545 743 qm

457 755 606 823 illos
651 779 740 821 ex
780 753 1010 821 codice
1046 753 1275 840 aliquo
1312 752 1771 854 cognouisset,
1823 754 2029 836 vidit,
2069 756 2252 822 vnde
2293 772 2546 857 essent,

452 869 531 921 et
570 856 786 943 quum
833 856 996 923 boni
1042 866 1291 935 essent,
1334 878 1472 922 suae
1513 840 2045 945 interpretationi
2071 858 2370 927 inserere
2398 885 2542 931 non

455 958 855 1045 dedignatus
910 972 1042 1043 est,
1098 969 1181 1025 vt
1240 959 1579 1030 Ciceronis
1630 980 1902 1046 quoque
1943 982 2174 1027 versus
2213 961 2530 1033 inseruit.

451 1064 803 1149 Denique,
860 1076 942 1130 vt
987 1062 1327 1151 integrum
1368 1084 1792 1151 epigramma
1833 1063 2221 1149 exsisteret,
2281 1068 2366 1133 de
2407 1092 2538 1137 suo

450 1166 705 1236 addidit
730 1167 1008 1233 tertium
1028 1166 1317 1233 ‘versum
1351 1177 1420 1231 et
1439 1178 1705 1233 sextum
1723 1196 1742 1233 ε

624 1268 952 1359 Namque
974 1295 1102 1363 ego
1126 1274 1281 1337 siim
1290 1270 1560 1359 puluis,
1595 1271 1715 1360 qui
1739 1294 1959 1362 nuper
1979 1282 2180 1339 tanta
2194 1274 2538 1347 tenebam:

623 1370 782 1439 Hoc
828 1370 1293 1460 sapien-§vitoe
1323 1372 1735 1465 mortalibus
1763 1386 1870 1441 est
1895 1374 2400 1445 documentum.
2483 1422 2489 1430 ..

450 1474 643 1567 Quos
688 1477 775 1547 ab
818 1476 967 1563 ipso
1006 1474 1325 1541 Guarino
1368 1494 1698 1561 procusos
1741 1497 1881 1541 esse
1905 1498 2103 1569 paene
2127 1500 2532 1566 persuasum

342 1644 345 1652 ,
430 1578 687 1645 liabeo.
774 1578 931 1647 Haec
967 1578 1060 1644 sic
1106 1588 1361 1655 statuo,
1421 1574 1964 1663 quandoquidem
2005 1580 2532 1669 epigrammatis,

448 1681 651 1765 quale
686 1680 1033 1747 Guarinus
1058 1678 1361 1761 exhibet,
1404 1687 1642 1743 testem
1667 1700 1806 1746 non
1833 1678 2054 1747 habeo
2077 1683 2530 1771 antiquiorem

446 1782 761 1859 Guarino
798 1782 970 1873 ipso.
1070 1780 1205 1847 Cui
1246 1789 1313 1845 et
1356 1778 1490 1846 hoc
1533 1778 1976 1859 tribuendum
2017 1804 2294 1871 censeo,
2341 1790 2531 1875 quod

445 1882 525 1952 in
562 1896 801 1971 quarto
836 1904 1039 1953 versu
1069 1903 1200 1971 pro
1230 1903 1311 1945 eo
1330 1926 1355 1965 ,
1398 1882 1582 1968 quod
1609 1894 1714 1947 est
1735 1884 1918 1972 apud
1949 1884 2367 1985 Ciceronem,
2411 1893 2528 1959 ia·-
2595 1960 2598 1965 ,

438 1998 641 2065 cent,
699 1986 980 2074 legitur.
1023 1994 1328 2049 manent.
1417 1984 1686 2051 Scilicet
1724 1985 1902 2053 bono
1939 1988 2104 2062 viro
2149 1989 2282 2085 hoc
2327 1992 2524 2061 vide-

388 2086 645 2153 batur
686 2088 913 2178 aptius
958 2108 1098 2152 esse
1132 2098 1202 2151 et
1243 2085 1466 2183 magis
1485 2088 1901 2177 respondere
1931 2106 2148 2179 graeco
2176 2094 2385 2163 verbo
2410 2101 2523 2166 λε’-

434 2196 702 2255 zama.
787 2186 995 2279 Apud
1050 2188 1454 2255 Ciceronem
1508 2189 1788 2276 vulgata
1826 2202 1894 2257 et
1935 2206 2270 2280 quantum
2315 2181 2518 2272 video

437 2290 817 2380 communis
872 2291 1207 2358 librorum
1266 2280 1490 2355 lectio
1523 2302 1657 2357 est.
1736 2290 2008 2377 iacent3
2073 2301 2525 2396 eamdemque

430 2393 643 2460 fuisse
686 2396 758 2460 in
794 2394 1071 2464 Moroni
1112 2392 1338 2460 codice
1358 2393 1884 2484 inscriptionum
1917 2398 2276 2470 latinarum
2306 2402 2518 2474 refert

430 2471 889 2566 Burmannus.
950 2510 1237 2564 manent
1280 2508 1441 2590 post
1491 2497 1876 2590 Guarinum
1921 2503 1988 2570 N
1989 2505 2240 2573 eander
2281 2518 2352 2573 et
2393 2509 2518 2576 Pi-

428 2599 694 2668 thoeus.
2475 2667 2480 2674 .

602 2705 775 2772 Illud
816 2701 1187 2772 distichonz
1243 2701 1424 2774 Cum
1461 2715 1530 2770 te
1577 2705 1950 2796 mortalem
1987 2711 2178 2776 noris
2202 2697 2324 2779 etc.
2353 2737 2514 2782 cum

428 2806 773 2900 epitaphio
810 2805 1245 2896 Sardanapali
1276 2805 1491 2872 latino
1521 2809 1954 2876 coniunxisse
1967 2811 2399 2882 Bonifacium
2425 2817 2515 2884 de

427 2909 917 3000 componendas
960 2907 1315 2998 epitaphiis
1354 2929 1509 2998 pag
1555 2907 1697 2974 ι6ι.
1728 2912 1913 2978 testis
1951 2928 2052 2982 est
2078 2917 2513 2988 Burmannus

424 3015 474 3084 1.
502 3017 547 3084 l.
572 3037 644 3103 p.
625 3013 808 3102 ..594
850 3011 1179 3104 Bonifacii
1203 3009 1335 3076 lib1
1336 3033 1456 3076 um
1482 3033 1818 3098 nusquam
1847 3016 2121 3086 inueni.
2165 3021 2284 3086 sed
2309 3023 2510 3098 (ἰιιειτ

424 3120 659 3186 riuum
706 3113 1029 3203 'sequut'u's
1077 3136 1218 3182 esse
1256 3111 1555 3181 videtur.
1637 3115 1744 3180 De
1783 3117 2094 3188 Guarino
2119 3121 2290 3189 nihil
2313 3149 2508 3194 com-

424 3231 703 3310 pei-erat
743 3219 1197 3286 Burmannus.
1280 3216 1510 3284 Etiam
1554 3217 1620 3284 N
1621 3219 1870 3285 eander
1909 3233 2274 3311 virumque
2311 3213 2505 3296 disti-

340 3341 345 3346 ·
402 3323 639 3408 ⁴chon,
699 3321 1039 3390 Ciceronis
1085 3334 1152 3387 et
1190 3320 1517 3402 alterum,
1561 3322 1867 3408 apposuit
1900 3326 1978 3392 in
2007 3324 2498 3415 Gnomologico

339 3492 348 3499 ,
416 3449 493 3518 p.
528 3427 673 3513 549.
700 3449 802 3514 sq.
849 3425 992 3518 Qui
1018 3425 1188 3492 liber
1212 3424 1469 3528 prodiit
1493 3445 1674 3488 anno
1709 3423 1890 3491 1564.
1935 3427 2088 3496 Non
2115 3427 2258 3496 vidi
2282 3431 2528 3500 Athe--

348 3559 353 3564 ·
416 3527 550 3596 noei
592 3527 1219 3618 interpretationem
1253 3529 1568 3608 latinam,
1613 3519 1810 3613 quam
1842 3527 2103 3596 curauit
2127 3529 2380 3602 Natalis
2411 3535 2500 3604 de

414 3627 824 3698 comitibus.
882 3630 1014 3700 Sed
1044 3627 1323 3734 fortasse
1358 3629 1560 3696 etiam
1585 3628 1696 3694 hic
1721 3628 1839 3696 illa
1875 3629 2158 3703 disticha
2185 3633 2493 3706 inseruit.

414 3733 497 3808 si
516 3733 829 3822 inseruit,
865 3733 1059 3822 haud
1082 3733 1281 3814 dubie
1304 3725 1345 3799 'a
1368 3733 1678 3800 Guarino
1709 3755 1790 3800 ea
1811 3733 2086 3825 accepit.
