2826 4740
1147 339 1322 366 ...-
1406 303 1755 402 58...-

267 453 290 519 *⁶
409 491 564 556 tur,
604 475 1121 568 repugnantiim
1134 525 1155 562 ‚
1200 496 1415 566 quum
1455 499 1635 546 vnus
1668 477 1988 547 laudetur
2016 491 2089 546 et
2114 451 2515 546 celebretur

413 579 500 644 ab
544 580 898 660 omnibus,
945 583 1114 648 alter
1154 580 1524 649 irrideatur
1553 581 1650 648 ab
1692 579 1937 650 idoneo
1967 579 2195 679 iudice
2210 630 2233 666 ,
2277 581 2507 650 Hora-

279 759 286 767 Ι
413 681 544 763 tio,
587 683 856 748 notauit
893 694 966 748 et
992 681 1286 751 excussit
1317 677 1644 752 Heinsius.
1736 683 1883 775 Qui
1911 683 2191 750 omnino
2216 683 2305 750 ad
2331 683 2512 752 hanc

415 805 565 850 rem
597 786 905 852 omnium
933 782 1254 852 disseruit
1283 784 1685 854 doctissime.
1730 786 2173 878 Quamquam
2202 808 2350 854 eam
2370 807 2516 850 non

423 883 735 956 confecit.
792 885 970 957 Sunt
1017 889 1204 966 enim
1243 889 1426 978 apud
1470 887 1828 956 Heinsium
1866 909 2147 977 quoque
2194 898 2420 954 errata
2449 887 2520 952 et'

389 1052 394 1063 ,
418 1009 750 1078 peruerse
779 987 1158 1060 obseruata.
1247 991 1434 1060 Inter
1458 1009 1611 1079 quae
1636 993 1767 1058 hoe
1798 1007 1936 1056 non
1963 989 2305 1066 Vltimum,
2332 987 2521 1076 quod

423 1089 822 1187 Choerilum
870 1095 1080 1163 etiam
1119 1117 1162 1162 a
1203 1089 1569 1164 Plutarcho
1614 1094 1797 1166 inter
1824 1092 2191 1193 scriptores
2218 1091 2521 1160 Alexan-

424 1187 532 1260 dri
576 1197 740 1284 poni
774 1197 1032 1267 scribit.
1119 1195 1334 1290 Qua
1311 1219 1387 1263 111
1416 1216 1495 1264 re
1519 1197 1699 1266 miro
1722 1195 1927 1264 modo
1958 1175 2254 1275 fallitur,
2300 1215 2515 1282 quum

373 1298 380 1307 “
423 1317 578 1412 qnuae
633 1300 980 1370 Plutarchi
1025 1299 1262 1366 veiha·
1268 1297 1368 1364 ibi
1405 1300 1690 1388 apponit
1733 1323 1821 1366 ex
1860 1295 2259 1365 Alexandro
2304 1293 2525 1362 Hein-

417 1400 596 1489 sius,
614 1424 723 1470 ea
768 1423 911 1472 non
949 1403 1098 1468 sint
1123 1403 1197 1468 in
1239 1399 1640 1472 Alexandro
1658 1447 1679 1483 ,
1714 1399 1850 1469 sed
1887 1399 1965 1466 in
1992 1397 2391 1490 Lysandro:
2446 1395 2531 1469 ιιι

283 1537 292 1564 ι
417 1491 818 1577 'Alexandio
863 1503 1054 1574 enim
1091 1501 1178 1568 de
1221 1501 1557 1570 Choerilo
1580 1524 1671 1569 ne
1716 1499 2014 1568 verbum
2045 1499 2325 1586 quidem
2352 1498 2527 1564 Plu-

419 1604 762 1671 tarchu's..⁸
806 1607 989 1676 Eum
1036 1615 1266 1670 tamen
1312 1611 1622 1673 errorem
1669 1625 1907 1672 secure
1938 1602 2367 1692 repetierunt
2389 1600 2528 1665 Pe-
2596 1658 2602 1662 .
2746 1604 2753 1615 “

421 1707 590 1774 utus
619 1714 773 1798 pag.
811 1705 952 1774 168.
982 1718 1053 1772 et
1081 1709 1410 1778 Dacerius
1438 1710 1485 1775 1.
1512 1709 1557 1776 l.
1588 1731 1743 1800 pag.
1769 1705 1918 1784 458.
1963 1704 2057 1774 At
2078 1702 2265 1792 quod
2296 1699 2529 1766 Choe„

181 1808 188 1833 ‘
301 1875 308 1893 ,
361 1873 365 1878 ,
420 1807 673 1894 rilum,
713 1810 1087 1880 Alexandri
1107 1809 1345 1898 Magni
1369 1812 1721 1898 oequalem,
1767 1834 1819 1894 a
1841 1807 2193 1888 Choerilo,
2240 1803 2526 1890 antiquo

423 1920 636 1998 poeta
675 1913 898 2000 epioe,
943 1910 1499 2004 distinguendum
1523 1909 1854 1980 iudicauit
1884 1908 2238 1991 Heinsius,
2280 1906 2530 1974 rectis-

411 2009 601 2088 sime
644 2012 824 2081 fecit.
910 2011 1002 2084 Et
1045 2015 1368 2103 profecto
1391 2037 1505 2081 res
1543 2026 1685 2082 tam
1728 2017 1912 2081 clara
1937 2023 2072 2095 est,
2115 2021 2195 2088 vt
2224 1997 2275 2074 ii
2299 2009 2529 2097 potius

427 2113 716 2180 notandi
745 2115 914 2197 sint,
957 2116 1077 2205 qui
1119 2118 1236 2186 vel
1263 2141 1386 2208 per
1412 2116 1981 2197 obstinationem,
2024 2115 2133 2180 vel
2160 2135 2289 2202 per
2328 2135 2533 2178 erro-

425 2235 583 2280 rem
631 2227 1000 2308 Vtrumque
1043 2217 1451 2290 Choerilum
1476 2201 1955 2288 confuderunt.
2048 2215 2284 2307 Quam
2317 2213 2564 2304 obsti--s

427 2318 730 2386 nationis
765 2323 1037 2411 culpam
1075 2323 1423 2391 contraxit
1467 2322 1769 2413 Scaliger
1812 2323 1891 2391 in
1917 2321 2529 2409 Eas-pag.101.a.

429 2421 744 2505 Erroris,
785 2426 1021 2497 multi.
1061 2428 1140 2497 P.
1177 2428 1520 2499 Victorius
1550 2439 1918 2497 comment.
1946 2424 2019 2490 in
2044 2423 2323 2491 Aristot.
2344 2420 2533 2486 Rhe·-

429 2535 566 2590 tor.
609 2524 912 2591 Flor‘ent.
967 2529 1151 2597 1548.
1191 2539 1342 2621 pag.
1375 2528 1523 2615 587.
1580 2532 1889 2621 Muretus
1928 2528 2092 2596 Var.
2147 2526 2332 2597 Lect.
2374 2520 2529 2589 XII.

435 2620 620 2693 xm·
679 2627 1041 2697 Turnebus
1079 2630 1368 2701 Aduers.
1375 2633 1589 2721 XIX.
1625 2632 1739 2701 IX.
1802 2631 1921 2721 fin.
1980 2642 2048 2697 et
2084 2627 2361 2699 XXVII.
2408 2624 2525 2695 IV·

439 2748 560 2815 ΨΒ
617 2739 850 2797 samm
887 2752 1028 2797 ”¹⁰
1070 2732 1252 2819 1000,
1311 2736 1562 2810 XXVI.
1608 2734 1825 2812 XXV.
1870 2756 2109 2800 verum
2152 2730 2531 2819 suspicatus

299 2833 306 2846 '
433 2840 556 2895 est.
643 2832 855 2901 Porro
884 2836 1218 2903 ,eumdem
1265 2860 1568 2905 errorem
1614 2846 2023 2903 erranei-unt
2050 2833 2417 2902 Lambinus
2442 2830 2533 2897 ad

435 2919 672 3001 Horat.
689 2934 906 3023 Epist.
937 2936 1093 3005 11.1.
1120 2938 1262 3007 235.
1291 2936 1611 3025 idemque
1638 2941 1723 3006 ad
1740 2928 2011 3010 Luci-et.
2032 2940 2079 3005 l.
2100 2936 2245 3005 514.
2290 2937 2533 3003 Meur-

345 3111 353 3120 ,
431 3035 582 3101 sius
621 3034 697 3101 in
736 3036 904 3108 Bibl.
949 3036 1073 3107 Gr.
1130 3040 1254 3109 lib.
1295 3043 1375 3111 11.
1423 3050 1575 3131 pag.
1614 3040 1811 3111 1500.
1844 3064 1944 3131 sq.
2004 3041 2138 3111 vol.
2166 3038 2255 3107 X.
2315 3034 2525 3103 Thes.
2610 3037 2617 3045 “
2759 3015 2767 3057 ³

439 3134 658 3205 Gron.
691 3140 870 3209 etad
897 3140 1325 3233 Hesychiurn
1353 3145 1577 3215 Miles.
1607 3162 1757 3235 pag.
1792 3164 1935 3212 220.
1962 3162 2071 3231 sq.

609 3238 790 3331 Qum
831 3243 916 3311 de
956 3267 1084 3314 sno
1119 3246 1566 3329 addiderunt,
1612 3243 2001 3314 Choerilum
2033 3236 2403 3309 Alexandri
2440 3236 2535 3303 il·-

447 3342 808 3411 lnstraturi
826 3368 868 3428 ,·
891 3346 1069 3416 Acro
1105 3360 1176 3415 et
1215 3348 1601 3439 Porphyrio
1642 3348 1729 3413 ad
1768 3346 1918 3415 Art.
1962 3346 2153 3427 Poet.
2185 3341 2333 3426 557.
2382 3338 2535 3425 etsi,
2670 3340 2681 3353 “

447 3466 588 3532 quo
619 3458 898 3516 auctore
920 3449 1337 3534 addiderint,
1383 3473 1531 3519 non
1558 3458 1845 3529 constat,
1886 3445 2075 3514 haud
2102 3464 2382 3535 prorsus
2415 3465 2553 3511 re·-

281 3626 290 3651 .
427 3550 787 3639 'Pudiassda
815 3563 999 3619 sunt-
1043 3551 1221 3622 Sunt
1251 3565 1488 3619 tamen
1506 3548 1677 3620 falsa
1695 3549 1921 3617 mixta
1948 3548 2147 3615 veris.
2193 3547 2367 3613 Illud
2392 3557 2534 3613 sta-

407 3650 567 3717 -tim
616 3654 810 3720 valde
851 3654 1190 3726 incertum
1221 3666 1358 3737 est,
1401 3676 1529 3737 an,
1574 3650 1756 3741 quod
1793 3650 2020 3717 inest
1998 3674 2075 3717 ιιι
2108 3648 2337 3716 verbis
2362 3648 2539 3716 isto-

435 3776 612 3821 rum
641 3754 1052 3839 hominum,
1095 3778 1342 3845 magno
1385 3766 1457 3825 et
1485 3756 1811 3825 continuo
1838 3754 2143 3843 carmine
2165 3752 2344 3821 bella
2376 3752 2545 3818 Ale·-
2631 3791 2639 3797 ‚

437 3855 694 3923 xandri
738 3858 1342 3947 comprehenderit
1383 3858 1763 3929 choerilus.
1819 3838 2084 3927 Deinde
2122 3856 2274 3943 quae
2300 3854 2387 3919 de
2418 3876 2544 3921 co-

434 3956 660 4046 laphis
704 3956 896 4027 addit
941 3962 1162 4044 Acro,
1203 3960 1473 4031 fabulas
1516 3972 1691 4053 puto
1735 3982 1880 4027 esse
1912 3985 1991 4026 ac
2020 3982 2255 4047 nugas.
2316 3954 2549 4039 Nimi-

449 4082 612 4129 rum
655 4082 872 4151 quum
901 4062 1200 4139 dietum
1239 4063 1513 4171 Hori-fii
1561 4064 1793 4157 locum
1832 4080 1925 4136 ΒΧ
1966 4058 2183 4157 ΕΡῙΜᾸ·
2206 4060 2289 4149 n·
2322 4061 2379 4131 Ῑ·
2433 4056 2551 4165 ⁸i⁰2
