<?xml version="1.0" encoding="UTF-8"?>
<!DOCTYPE html PUBLIC "-//W3C//DTD XHTML 1.0 Transitional//EN"
    "http://www.w3.org/TR/xhtml1/DTD/xhtml1-transitional.dtd">
<html xmlns="http://www.w3.org/1999/xhtml" xml:lang="en" lang="en">
 <head>
  <title>
</title>
<meta http-equiv="Content-Type" content="text/html;charset=utf-8" />
  <meta name='ocr-system' content='tesseract 3.04.00' />
  <meta name='ocr-capabilities' content='ocr_page ocr_carea ocr_par ocr_line ocrx_word'/>
</head>
<body>
  <div class='ocr_page' id='page_1' title='image "./choerilisamiiqv00choegoog_0075.png"; bbox 0 0 2826 4740; ppageno 0'>
   <div class='ocr_carea' id='block_1_1' title="bbox 1292 117 1314 150">
    <p class='ocr_par' dir='ltr' id='par_1_1' title="bbox 1292 117 1314 150">
     <span class='ocr_line' id='line_1_1' title="bbox 1292 117 1314 150; baseline 0 0"><span class='ocrx_word' id='word_1_1' title='bbox 1292 117 1314 150; x_wconf 63' lang='lat' dir='ltr'><em>l</em></span> 
     </span>
    </p>
   </div>
   <div class='ocr_carea' id='block_1_2' title="bbox 356 477 2496 890">
    <p class='ocr_par' dir='ltr' id='par_1_2' title="bbox 356 477 2496 686">
     <span class='ocr_line' id='line_1_2' title="bbox 356 477 2496 584; baseline -0 -17"><span class='ocrx_word' id='word_1_2' title='bbox 356 563 361 567; x_wconf 86' lang='lat'>.</span> <span class='ocrx_word' id='word_1_3' title='bbox 400 493 663 579; x_wconf 52' lang='lat' dir='ltr'>‚tineam</span> <span class='ocrx_word' id='word_1_4' title='bbox 702 505 859 564; x_wconf 79' lang='lat' dir='ltr'>ante</span> <span class='ocrx_word' id='word_1_5' title='bbox 900 493 1129 562; x_wconf 87' lang='lat' dir='ltr'>omnia</span> <span class='ocrx_word' id='word_1_6' title='bbox 1152 477 1512 562; x_wconf 70' lang='lat' dir='ltr'>inserenda</span> <span class='ocrx_word' id='word_1_7' title='bbox 1539 503 1700 560; x_wconf 82' lang='lat' dir='ltr'>sunt</span> <span class='ocrx_word' id='word_1_8' title='bbox 1727 491 2040 581; x_wconf 76' lang='lat' dir='ltr'>qu&#39;aedam</span> <span class='ocrx_word' id='word_1_9' title='bbox 2067 491 2155 560; x_wconf 80' lang='lat' dir='ltr'>de</span> <span class='ocrx_word' id='word_1_10' title='bbox 2180 479 2496 584; x_wconf 64' lang='lat' dir='ltr'>sermone</span> 
     </span>
     <span class='ocr_line' id='line_1_3' title="bbox 409 589 2450 686; baseline -0 -23"><span class='ocrx_word' id='word_1_11' title='bbox 409 599 761 686; x_wconf 82' lang='lat' dir='ltr'><strong>epicorum</strong></span> <span class='ocrx_word' id='word_1_12' title='bbox 798 589 949 685; x_wconf 87' lang='lat' dir='ltr'>post</span> <span class='ocrx_word' id='word_1_13' title='bbox 981 591 1352 684; x_wconf 75' lang='lat' dir='ltr'>Homerum</span> <span class='ocrx_word' id='word_1_14' title='bbox 1394 598 1787 684; x_wconf 80' lang='lat' dir='ltr'>poetarum,</span> <span class='ocrx_word' id='word_1_15' title='bbox 1835 597 2138 664; x_wconf 86' lang='lat' dir='ltr'>Choerili.</span> <span class='ocrx_word' id='word_1_16' title='bbox 2161 621 2450 685; x_wconf 87' lang='lat' dir='ltr'>quoque.</span> 
     </span>
    </p>

    <p class='ocr_par' dir='ltr' id='par_1_3' title="bbox 574 698 2496 785">
     <span class='ocr_line' id='line_1_4' title="bbox 574 698 2496 785; baseline -0.002 -17"><span class='ocrx_word' id='word_1_17' title='bbox 574 700 680 768; x_wconf 86' lang='lat' dir='ltr'>Ab</span> <span class='ocrx_word' id='word_1_18' title='bbox 706 701 1005 766; x_wconf 85' lang='lat' dir='ltr'>Homero</span> <span class='ocrx_word' id='word_1_19' title='bbox 1036 700 1194 764; x_wconf 90' lang='lat' dir='ltr'>inde</span> <span class='ocrx_word' id='word_1_20' title='bbox 1221 721 1428 785; x_wconf 85' lang='lat' dir='ltr'>vsque</span> <span class='ocrx_word' id='word_1_21' title='bbox 1462 698 1550 762; x_wconf 85' lang='lat' dir='ltr'>ad</span> <span class='ocrx_word' id='word_1_22' title='bbox 1585 698 1979 768; x_wconf 83' lang='lat' dir='ltr'>Choerilum</span> <span class='ocrx_word' id='word_1_23' title='bbox 2011 701 2496 776; x_wconf 72' lang='lat' dir='ltr'>intactaman-</span> 
     </span>
    </p>

    <p class='ocr_par' dir='ltr' id='par_1_4' title="bbox 410 798 2494 890">
     <span class='ocr_line' id='line_1_5' title="bbox 410 798 2494 890; baseline 0 -22"><span class='ocrx_word' id='word_1_24' title='bbox 410 804 498 869; x_wconf 87' lang='lat' dir='ltr'>sit</span> <span class='ocrx_word' id='word_1_25' title='bbox 509 803 871 873; x_wconf 83' lang='lat' dir='ltr'>Homerica</span> <span class='ocrx_word' id='word_1_26' title='bbox 892 801 1294 890; x_wconf 78' lang='lat' dir='ltr'>simplicitas.</span> <span class='ocrx_word' id='word_1_27' title='bbox 1339 798 1720 888; x_wconf 75' lang='lat' dir='ltr'>Loquimur</span> <span class='ocrx_word' id='word_1_28' title='bbox 1737 800 1822 866; x_wconf 86' lang='lat' dir='ltr'>de</span> <span class='ocrx_word' id='word_1_29' title='bbox 1843 824 2172 866; x_wconf 83' lang='lat' dir='ltr'>sermone.</span> <span class='ocrx_word' id='word_1_30' title='bbox 2221 802 2494 890; x_wconf 87' lang='lat' dir='ltr'>Quam-</span> 
     </span>
    </p>
   </div>
   <div class='ocr_carea' id='block_1_3' title="bbox 347 898 2623 992">
    <p class='ocr_par' dir='ltr' id='par_1_5' title="bbox 347 898 2623 992">
     <span class='ocr_line' id='line_1_6' title="bbox 347 898 2623 992; baseline 0 -22"><span class='ocrx_word' id='word_1_31' title='bbox 347 953 353 960; x_wconf 89' lang='lat'>.</span> <span class='ocrx_word' id='word_1_32' title='bbox 407 929 615 992; x_wconf 87' lang='lat' dir='ltr'>quam</span> <span class='ocrx_word' id='word_1_33' title='bbox 658 917 729 968; x_wconf 84' lang='lat' dir='ltr'>et</span> <span class='ocrx_word' id='word_1_34' title='bbox 772 901 1758 991; x_wconf 66' lang='lat' dir='ltr'>dispositionissimplicitatem</span> <span class='ocrx_word' id='word_1_35' title='bbox 1783 903 2032 984; x_wconf 82' lang='lat' dir='ltr'>addere</span> <span class='ocrx_word' id='word_1_36' title='bbox 2060 901 2295 988; x_wconf 85' lang='lat' dir='ltr'>possis.</span> <span class='ocrx_word' id='word_1_37' title='bbox 2350 903 2512 978; x_wconf 73' lang='lat' dir='ltr'>Sed·</span> <span class='ocrx_word' id='word_1_38' title='bbox 2586 898 2589 902; x_wconf 55' lang='grc'>’</span> <span class='ocrx_word' id='word_1_39' title='bbox 2621 905 2623 908; x_wconf 44' lang='lat'><em>⁴</em></span> 
     </span>
    </p>
   </div>
   <div class='ocr_carea' id='block_1_4' title="bbox 404 1000 2490 1093">
    <p class='ocr_par' dir='ltr' id='par_1_6' title="bbox 404 1000 2490 1093">
     <span class='ocr_line' id='line_1_7' title="bbox 404 1000 2490 1093; baseline -0 -21"><span class='ocrx_word' id='word_1_40' title='bbox 404 1007 493 1072; x_wconf 84' lang='lat' dir='ltr'>de</span> <span class='ocrx_word' id='word_1_41' title='bbox 538 1001 863 1072; x_wconf 81' lang='lat' dir='ltr'>sermone</span> <span class='ocrx_word' id='word_1_42' title='bbox 917 1005 1028 1070; x_wconf 86' lang='lat' dir='ltr'>hic</span> <span class='ocrx_word' id='word_1_43' title='bbox 1083 1007 1465 1091; x_wconf 80' lang='lat' dir='ltr'>loquimur,</span> <span class='ocrx_word' id='word_1_44' title='bbox 1527 1003 1846 1090; x_wconf 85' lang='lat' dir='ltr'>quoniam</span> <span class='ocrx_word' id='word_1_45' title='bbox 1910 1000 1994 1066; x_wconf 85' lang='lat' dir='ltr'>de</span> <span class='ocrx_word' id='word_1_46' title='bbox 2047 1002 2490 1093; x_wconf 70' lang='lat' dir='ltr'>dispositionis</span> 
     </span>
    </p>
   </div>
   <div class='ocr_carea' id='block_1_5' title="bbox 404 1103 2580 1223">
    <p class='ocr_par' dir='ltr' id='par_1_7' title="bbox 404 1103 2580 1223">
     <span class='ocr_line' id='line_1_8' title="bbox 404 1103 2580 1223; baseline 0 -49"><span class='ocrx_word' id='word_1_47' title='bbox 404 1111 588 1198; x_wconf 88' lang='lat' dir='ltr'>apud</span> <span class='ocrx_word' id='word_1_48' title='bbox 630 1109 919 1196; x_wconf 84' lang='lat' dir='ltr'>singulos</span> <span class='ocrx_word' id='word_1_49' title='bbox 959 1119 1105 1223; x_wconf 61' lang='lat' dir='ltr'>alte</span> <span class='ocrx_word' id='word_1_50' title='bbox 1148 1111 1315 1176; x_wconf 81' lang='lat' dir='ltr'>certi</span> <span class='ocrx_word' id='word_1_51' title='bbox 1346 1107 1603 1192; x_wconf 85' lang='lat' dir='ltr'>aliquid</span> <span class='ocrx_word' id='word_1_52' title='bbox 1636 1129 1720 1194; x_wconf 81' lang='lat' dir='ltr'>pl</span> <span class='ocrx_word' id='word_1_53' title='bbox 1721 1103 2088 1172; x_wconf 80' lang='lat' dir='ltr'>enunciare</span> <span class='ocrx_word' id='word_1_54' title='bbox 2113 1109 2494 1176; x_wconf 71' lang='lat' dir='ltr'>audacioris</span> <span class='ocrx_word' id='word_1_55' title='bbox 2537 1184 2542 1194; x_wconf 35' lang='grc' dir='ltr'><strong><em>Ι</em></strong></span> <span class='ocrx_word' id='word_1_56' title='bbox 2573 1129 2580 1138; x_wconf 89' lang='grc'><strong>’</strong></span> 
     </span>
    </p>
   </div>
   <div class='ocr_carea' id='block_1_6' title="bbox 404 1187 2494 1402">
    <p class='ocr_par' dir='ltr' id='par_1_8' title="bbox 404 1187 2494 1398">
     <span class='ocr_line' id='line_1_9' title="bbox 404 1187 2494 1299; baseline 0 -22"><span class='ocrx_word' id='word_1_57' title='bbox 404 1235 549 1286; x_wconf 75' lang='lat' dir='ltr'>esse</span> <span class='ocrx_word' id='word_1_58' title='bbox 570 1211 919 1289; x_wconf 83' lang='lat' dir='ltr'>videatur,</span> <span class='ocrx_word' id='word_1_59' title='bbox 958 1212 1033 1276; x_wconf 87' lang='lat' dir='ltr'>in</span> <span class='ocrx_word' id='word_1_60' title='bbox 999 1187 1245 1278; x_wconf 82' lang='lat' dir='ltr'>tanta</span> <span class='ocrx_word' id='word_1_61' title='bbox 1272 1206 1818 1276; x_wconf 81' lang='lat' dir='ltr'>testimoniorum</span> <span class='ocrx_word' id='word_1_62' title='bbox 1842 1209 2151 1295; x_wconf 78' lang='lat' dir='ltr'>penuria.</span> <span class='ocrx_word' id='word_1_63' title='bbox 2211 1211 2494 1299; x_wconf 76' lang='lat' dir='ltr'>Hesiodi</span> 
     </span>
     <span class='ocr_line' id='line_1_10' title="bbox 404 1309 2492 1402; baseline -0.003 -18"><span class='ocrx_word' id='word_1_64' title='bbox 404 1313 677 1384; x_wconf 79' lang='lat' dir='ltr'>schola</span> <span class='ocrx_word' id='word_1_65' title='bbox 656 1337 729 1378; x_wconf 89' lang='lat' dir='ltr'>m</span> <span class='ocrx_word' id='word_1_66' title='bbox 756 1311 1285 1402; x_wconf 78' lang='lat' dir='ltr'>conformatione</span> <span class='ocrx_word' id='word_1_67' title='bbox 1307 1309 1644 1385; x_wconf 80' lang='lat' dir='ltr'>orationis</span> <span class='ocrx_word' id='word_1_68' title='bbox 1657 1311 1964 1396; x_wconf 82' lang='lat' dir='ltr'>quaedam</span> <span class='ocrx_word' id='word_1_69' title='bbox 1981 1309 2492 1398; x_wconf 74' lang='lat' dir='ltr'>singulariaha-</span> 
     </span>
    </p>
   </div>
   <div class='ocr_carea' id='block_1_7' title="bbox 202 1413 2492 1512">
    <p class='ocr_par' dir='ltr' id='par_1_9' title="bbox 202 1413 2492 1512">
     <span class='ocr_line' id='line_1_11' title="bbox 202 1413 2492 1512; baseline -0.001 -28"><span class='ocrx_word' id='word_1_70' title='bbox 202 1475 212 1497; x_wconf 47' lang='lat'><em>1</em></span> <span class='ocrx_word' id='word_1_71' title='bbox 304 1498 323 1512; x_wconf 25' lang='grc' dir='ltr'>χ</span> <span class='ocrx_word' id='word_1_72' title='bbox 402 1417 589 1504; x_wconf 76' lang='lat' dir='ltr'>buit,</span> <span class='ocrx_word' id='word_1_73' title='bbox 644 1414 745 1481; x_wconf 82' lang='lat' dir='ltr'>vti</span> <span class='ocrx_word' id='word_1_74' title='bbox 775 1413 891 1480; x_wconf 86' lang='lat' dir='ltr'>fer</span> <span class='ocrx_word' id='word_1_75' title='bbox 894 1415 1050 1480; x_wconf 88' lang='lat' dir='ltr'>ebat</span> <span class='ocrx_word' id='word_1_76' title='bbox 1090 1415 1191 1480; x_wconf 90' lang='lat' dir='ltr'>rei</span> <span class='ocrx_word' id='word_1_77' title='bbox 1236 1425 1516 1482; x_wconf 72' lang='lat' dir='ltr'>natm-za</span> <span class='ocrx_word' id='word_1_78' title='bbox 1587 1437 1750 1480; x_wconf 84' lang='lat' dir='ltr'>nam</span> <span class='ocrx_word' id='word_1_79' title='bbox 1785 1414 2016 1480; x_wconf 84' lang='lat' dir='ltr'>aeolica</span> <span class='ocrx_word' id='word_1_80' title='bbox 2055 1413 2212 1480; x_wconf 84' lang='lat' dir='ltr'>fuit.</span> <span class='ocrx_word' id='word_1_81' title='bbox 2264 1415 2492 1502; x_wconf 84' lang='lat' dir='ltr'>Atque</span> 
     </span>
    </p>
   </div>
   <div class='ocr_carea' id='block_1_8' title="bbox 369 1515 2490 1914">
    <p class='ocr_par' dir='ltr' id='par_1_10' title="bbox 369 1515 2490 1914">
     <span class='ocr_line' id='line_1_12' title="bbox 404 1515 2490 1609; baseline 0.001 -25"><span class='ocrx_word' id='word_1_82' title='bbox 404 1521 774 1584; x_wconf 80' lang='lat' dir='ltr'>etiamnum</span> <span class='ocrx_word' id='word_1_83' title='bbox 830 1516 987 1592; x_wconf 82' lang='lat' dir='ltr'>talia</span> <span class='ocrx_word' id='word_1_84' title='bbox 1052 1517 1362 1609; x_wconf 77' lang='lat' dir='ltr'>quaedam</span> <span class='ocrx_word' id='word_1_85' title='bbox 1401 1527 1679 1590; x_wconf 80' lang='lat' dir='ltr'>restant.</span> <span class='ocrx_word' id='word_1_86' title='bbox 1751 1515 1887 1584; x_wconf 88' lang='lat' dir='ltr'>Sed</span> <span class='ocrx_word' id='word_1_87' title='bbox 1925 1517 2032 1584; x_wconf 81' lang='lat' dir='ltr'>hae</span> <span class='ocrx_word' id='word_1_88' title='bbox 2067 1540 2176 1584; x_wconf 85' lang='lat' dir='ltr'>res</span> <span class='ocrx_word' id='word_1_89' title='bbox 2227 1519 2490 1588; x_wconf 81' lang='lat' dir='ltr'>etiamsi</span> 
     </span>
     <span class='ocr_line' id='line_1_13' title="bbox 402 1617 2490 1710; baseline 0 -25"><span class='ocrx_word' id='word_1_90' title='bbox 402 1622 638 1710; x_wconf 79' lang='lat' dir='ltr'>plures</span> <span class='ocrx_word' id='word_1_91' title='bbox 662 1637 953 1684; x_wconf 82' lang='lat' dir='ltr'>numero</span> <span class='ocrx_word' id='word_1_92' title='bbox 968 1642 1047 1682; x_wconf 87' lang='lat' dir='ltr'>ac</span> <span class='ocrx_word' id='word_1_93' title='bbox 1080 1621 1349 1704; x_wconf 83' lang='lat' dir='ltr'>grauior</span> <span class='ocrx_word' id='word_1_94' title='bbox 1350 1643 1422 1684; x_wconf 88' lang='lat' dir='ltr'>es</span> <span class='ocrx_word' id='word_1_95' title='bbox 1447 1618 1718 1700; x_wconf 67' lang='lat' dir='ltr'>fuerint,</span> <span class='ocrx_word' id='word_1_96' title='bbox 1761 1640 1969 1705; x_wconf 87' lang='lat' dir='ltr'>quam·</span> <span class='ocrx_word' id='word_1_97' title='bbox 1999 1617 2208 1686; x_wconf 84' lang='lat' dir='ltr'>fuisse</span> <span class='ocrx_word' id='word_1_98' title='bbox 2229 1620 2490 1708; x_wconf 69' lang='lat' dir='ltr'>proba·-</span> 
     </span>
     <span class='ocr_line' id='line_1_14' title="bbox 369 1718 2484 1804; baseline 0 -16"><span class='ocrx_word' id='word_1_99' title='bbox 369 1718 539 1788; x_wconf 76' lang='lat' dir='ltr'>.bil³e</span> <span class='ocrx_word' id='word_1_100' title='bbox 577 1733 685 1786; x_wconf 73' lang='lat' dir='ltr'>est</span> <span class='ocrx_word' id='word_1_101' title='bbox 704 1745 749 1798; x_wconf 70' lang='lat'>,²</span> <span class='ocrx_word' id='word_1_102' title='bbox 780 1745 921 1788; x_wconf 89' lang='lat' dir='ltr'>non</span> <span class='ocrx_word' id='word_1_103' title='bbox 968 1733 1193 1788; x_wconf 83' lang='lat' dir='ltr'>tamen</span> <span class='ocrx_word' id='word_1_104' title='bbox 1232 1721 1401 1787; x_wconf 83' lang='lat' dir='ltr'>tanti</span> <span class='ocrx_word' id='word_1_105' title='bbox 1445 1731 1671 1804; x_wconf 86' lang='lat' dir='ltr'>erant,</span> <span class='ocrx_word' id='word_1_106' title='bbox 1741 1733 1820 1786; x_wconf 87' lang='lat' dir='ltr'>vt</span> <span class='ocrx_word' id='word_1_107' title='bbox 1862 1719 2224 1788; x_wconf 87' lang='lat' dir='ltr'>Hesiodeus</span> <span class='ocrx_word' id='word_1_108' title='bbox 2257 1744 2484 1788; x_wconf 87' lang='lat' dir='ltr'>sermo</span> 
     </span>
     <span class='ocr_line' id='line_1_15' title="bbox 393 1815 2484 1914; baseline -0.002 -24"><span class='ocrx_word' id='word_1_109' title='bbox 393 1823 746 1909; x_wconf 80' lang='lat' dir='ltr'>tamquam</span> <span class='ocrx_word' id='word_1_110' title='bbox 786 1815 1013 1890; x_wconf 79' lang='lat' dir='ltr'>minus</span> <span class='ocrx_word' id='word_1_111' title='bbox 1040 1823 1331 1910; x_wconf 80' lang='lat' dir='ltr'>simplex</span> <span class='ocrx_word' id='word_1_112' title='bbox 1362 1823 1616 1910; x_wconf 85' lang='lat' dir='ltr'>opponi</span> <span class='ocrx_word' id='word_1_113' title='bbox 1643 1835 1870 1914; x_wconf 86' lang='lat' dir='ltr'>posset</span> <span class='ocrx_word' id='word_1_114' title='bbox 1902 1823 2282 1890; x_wconf 80' lang='lat' dir='ltr'>Homerico·</span> <span class='ocrx_word' id='word_1_115' title='bbox 2339 1825 2484 1889; x_wconf 88' lang='lat' dir='ltr'>De-</span> 
     </span>
    </p>
   </div>
   <div class='ocr_carea' id='block_1_9' title="bbox 400 1925 2577 2016">
    <p class='ocr_par' dir='ltr' id='par_1_11' title="bbox 400 1925 2577 2016">
     <span class='ocr_line' id='line_1_16' title="bbox 400 1925 2577 2016; baseline 0 -24"><span class='ocrx_word' id='word_1_116' title='bbox 400 1926 555 1992; x_wconf 82' lang='lat' dir='ltr'>inde</span> <span class='ocrx_word' id='word_1_117' title='bbox 610 1925 955 1993; x_wconf 81' lang='lat' dir='ltr'>Hesiodeae</span> <span class='ocrx_word' id='word_1_118' title='bbox 998 1925 1242 1994; x_wconf 75' lang='lat' dir='ltr'>scholae</span> <span class='ocrx_word' id='word_1_119' title='bbox 1287 1925 1804 2016; x_wconf 53' lang='lat' dir='ltr'>disciplinaflec</span> <span class='ocrx_word' id='word_1_120' title='bbox 1850 1925 1971 1990; x_wconf 85' lang='lat' dir='ltr'>diu</span> <span class='ocrx_word' id='word_1_121' title='bbox 2011 1925 2317 1992; x_wconf 83' lang='lat' dir='ltr'>floruisse</span> <span class='ocrx_word' id='word_1_122' title='bbox 2349 1950 2482 1993; x_wconf 82' lang='lat' dir='ltr'>nec</span> <span class='ocrx_word' id='word_1_123' title='bbox 2574 1979 2577 1983; x_wconf 85' lang='lat'>.</span> 
     </span>
    </p>
   </div>
   <div class='ocr_carea' id='block_1_10' title="bbox 338 2025 2482 2117">
    <p class='ocr_par' dir='ltr' id='par_1_12' title="bbox 338 2025 2482 2117">
     <span class='ocr_line' id='line_1_17' title="bbox 338 2025 2482 2117; baseline 0 -21"><span class='ocrx_word' id='word_1_124' title='bbox 338 2051 350 2072; x_wconf 69' lang='lat'>⁸</span> <span class='ocrx_word' id='word_1_125' title='bbox 396 2050 715 2114; x_wconf 85' lang='lat' dir='ltr'>magnam</span> <span class='ocrx_word' id='word_1_126' title='bbox 752 2025 827 2092; x_wconf 90' lang='lat' dir='ltr'>in</span> <span class='ocrx_word' id='word_1_127' title='bbox 870 2026 1089 2117; x_wconf 70' lang='lat' dir='ltr'>epicos</span> <span class='ocrx_word' id='word_1_128' title='bbox 1125 2040 1351 2116; x_wconf 84' lang='lat' dir='ltr'>poetas</span> <span class='ocrx_word' id='word_1_129' title='bbox 1395 2030 1708 2116; x_wconf 86' lang='lat' dir='ltr'>proxime</span> <span class='ocrx_word' id='word_1_130' title='bbox 1751 2041 2072 2116; x_wconf 83' lang='lat' dir='ltr'>sequutos</span> <span class='ocrx_word' id='word_1_131' title='bbox 2103 2028 2244 2095; x_wconf 85' lang='lat' dir='ltr'>vim</span> <span class='ocrx_word' id='word_1_132' title='bbox 2275 2053 2482 2108; x_wconf 74' lang='lat' dir='ltr'>exer-</span> 
     </span>
    </p>
   </div>
   <div class='ocr_carea' id='block_1_11' title="bbox 394 2127 2529 2323">
    <p class='ocr_par' dir='ltr' id='par_1_13' title="bbox 394 2127 2529 2323">
     <span class='ocr_line' id='line_1_18' title="bbox 394 2127 2500 2218; baseline 0 -20"><span class='ocrx_word' id='word_1_133' title='bbox 394 2133 612 2216; x_wconf 84' lang='lat' dir='ltr'>cuisse</span> <span class='ocrx_word' id='word_1_134' title='bbox 635 2130 925 2196; x_wconf 85' lang='lat' dir='ltr'>videtur.</span> <span class='ocrx_word' id='word_1_135' title='bbox 970 2131 1177 2217; x_wconf 77' lang='lat' dir='ltr'>Igitur</span> <span class='ocrx_word' id='word_1_136' title='bbox 1200 2127 1560 2198; x_wconf 82' lang='lat' dir='ltr'>Homerico</span> <span class='ocrx_word' id='word_1_137' title='bbox 1593 2127 1906 2198; x_wconf 75' lang='lat' dir='ltr'>sermone</span> <span class='ocrx_word' id='word_1_138' title='bbox 1927 2143 2078 2218; x_wconf 82' lang='lat' dir='ltr'>post</span> <span class='ocrx_word' id='word_1_139' title='bbox 2102 2131 2500 2198; x_wconf 70' lang='lat' dir='ltr'>Homerum</span> 
     </span>
     <span class='ocr_line' id='line_1_19' title="bbox 395 2223 2529 2323; baseline -0.001 -21"><span class='ocrx_word' id='word_1_140' title='bbox 395 2233 543 2302; x_wconf 74' lang='lat' dir='ltr'>siue</span> <span class='ocrx_word' id='word_1_141' title='bbox 598 2245 753 2321; x_wconf 90' lang='lat' dir='ltr'>post</span> <span class='ocrx_word' id='word_1_142' title='bbox 780 2234 1197 2302; x_wconf 80' lang='lat' dir='ltr'>Homeridas</span> <span class='ocrx_word' id='word_1_143' title='bbox 1237 2223 1504 2318; x_wconf 78' lang='lat' dir='ltr'>loquuti</span> <span class='ocrx_word' id='word_1_144' title='bbox 1543 2247 1704 2300; x_wconf 89' lang='lat' dir='ltr'>sunt</span> <span class='ocrx_word' id='word_1_145' title='bbox 1747 2233 1920 2322; x_wconf 83' lang='lat' dir='ltr'>epici</span> <span class='ocrx_word' id='word_1_146' title='bbox 1962 2244 2184 2323; x_wconf 59' lang='lat' dir='ltr'>poetae,</span> <span class='ocrx_word' id='word_1_147' title='bbox 2223 2257 2490 2318; x_wconf 70' lang='lat' dir='ltr'>omneS,</span> <span class='ocrx_word' id='word_1_148' title='bbox 2523 2275 2529 2282; x_wconf 94' lang='lat'><em>-</em></span> 
     </span>
    </p>
   </div>
   <div class='ocr_carea' id='block_1_12' title="bbox 338 2334 2480 2421">
    <p class='ocr_par' dir='ltr' id='par_1_14' title="bbox 338 2334 2480 2421">
     <span class='ocr_line' id='line_1_20' title="bbox 338 2334 2480 2421; baseline 0 -16"><span class='ocrx_word' id='word_1_149' title='bbox 338 2349 347 2360; x_wconf 80' lang='grc'><em>“</em></span> <span class='ocrx_word' id='word_1_150' title='bbox 395 2335 596 2405; x_wconf 86' lang='lat' dir='ltr'>multi</span> <span class='ocrx_word' id='word_1_151' title='bbox 639 2334 741 2401; x_wconf 88' lang='lat' dir='ltr'>illi</span> <span class='ocrx_word' id='word_1_152' title='bbox 785 2357 1105 2419; x_wconf 79' lang='lat' dir='ltr'>numere,</span> <span class='ocrx_word' id='word_1_153' title='bbox 1152 2355 1317 2421; x_wconf 86' lang='lat' dir='ltr'>quos</span> <span class='ocrx_word' id='word_1_154' title='bbox 1356 2335 1712 2421; x_wconf 80' lang='lat' dir='ltr'>diligenter</span> <span class='ocrx_word' id='word_1_155' title='bbox 1738 2357 2137 2419; x_wconf 80' lang='lat' dir='ltr'>enumerare</span> <span class='ocrx_word' id='word_1_156' title='bbox 2170 2361 2310 2405; x_wconf 89' lang='lat' dir='ltr'>non</span> <span class='ocrx_word' id='word_1_157' title='bbox 2333 2339 2480 2405; x_wconf 79' lang='lat' dir='ltr'>atti·</span> 
     </span>
    </p>
   </div>
   <div class='ocr_carea' id='block_1_13' title="bbox 316 2432 2539 2533">
    <p class='ocr_par' dir='ltr' id='par_1_15' title="bbox 316 2432 2539 2533">
     <span class='ocr_line' id='line_1_21' title="bbox 316 2432 2539 2533; baseline -0.001 -26"><span class='ocrx_word' id='word_1_158' title='bbox 316 2451 321 2458; x_wconf 88' lang='grc'><em>“</em></span> <span class='ocrx_word' id='word_1_159' title='bbox 390 2452 543 2507; x_wconf 72' lang='lat' dir='ltr'>netz</span> <span class='ocrx_word' id='word_1_160' title='bbox 584 2446 803 2528; x_wconf 77' lang='lat' dir='ltr'>poetae</span> <span class='ocrx_word' id='word_1_161' title='bbox 841 2438 1117 2526; x_wconf 85' lang='lat' dir='ltr'>cyclici,</span> <span class='ocrx_word' id='word_1_162' title='bbox 1160 2438 1359 2506; x_wconf 86' lang='lat' dir='ltr'>Asius</span> <span class='ocrx_word' id='word_1_163' title='bbox 1396 2438 1700 2533; x_wconf 85' lang='lat' dir='ltr'>Samius,</span> <span class='ocrx_word' id='word_1_164' title='bbox 1741 2440 2192 2507; x_wconf 65' lang='lat' dir='ltr'>Eumelusin‘</span> <span class='ocrx_word' id='word_1_165' title='bbox 2225 2432 2480 2507; x_wconf 84' lang='lat' dir='ltr'>carmi-</span> <span class='ocrx_word' id='word_1_166' title='bbox 2536 2487 2539 2490; x_wconf 90' lang='lat'><em>-</em></span> 
     </span>
    </p>
   </div>
   <div class='ocr_carea' id='block_1_14' title="bbox 331 2531 2488 3652">
    <p class='ocr_par' dir='ltr' id='par_1_16' title="bbox 331 2531 2488 3652">
     <span class='ocr_line' id='line_1_22' title="bbox 387 2531 2480 2629; baseline -0.001 -17"><span class='ocrx_word' id='word_1_167' title='bbox 387 2542 627 2623; x_wconf 85' lang='lat' dir='ltr'>nibus,</span> <span class='ocrx_word' id='word_1_168' title='bbox 673 2564 823 2625; x_wconf 80' lang='lat' dir='ltr'>quae</span> <span class='ocrx_word' id='word_1_169' title='bbox 872 2542 1183 2625; x_wconf 84' lang='lat' dir='ltr'>reliquit,</span> <span class='ocrx_word' id='word_1_170' title='bbox 1229 2541 1450 2629; x_wconf 85' lang='lat' dir='ltr'>epicis·</span> <span class='ocrx_word' id='word_1_171' title='bbox 1513 2536 1664 2611; x_wconf 80' lang='lat' dir='ltr'>Vid.</span> <span class='ocrx_word' id='word_1_172' title='bbox 1707 2531 2160 2629; x_wconf 69' lang='lat' dir='ltr'>fragmentum</span> <span class='ocrx_word' id='word_1_173' title='bbox 2201 2542 2480 2610; x_wconf 86' lang='lat' dir='ltr'>Eumeli</span> 
     </span>
     <span class='ocr_line' id='line_1_23' title="bbox 388 2643 2476 2733; baseline -0 -22"><span class='ocrx_word' id='word_1_174' title='bbox 388 2644 571 2733; x_wconf 85' lang='lat' dir='ltr'>apud</span> <span class='ocrx_word' id='word_1_175' title='bbox 612 2643 969 2711; x_wconf 82' lang='lat' dir='ltr'>Ruhnken.</span> <span class='ocrx_word' id='word_1_176' title='bbox 999 2645 1072 2709; x_wconf 91' lang='lat' dir='ltr'>in</span> <span class='ocrx_word' id='word_1_177' title='bbox 1105 2665 1214 2731; x_wconf 89' lang='lat' dir='ltr'>ep.</span> <span class='ocrx_word' id='word_1_178' title='bbox 1246 2664 1341 2707; x_wconf 87' lang='lat' dir='ltr'>cr.</span> <span class='ocrx_word' id='word_1_179' title='bbox 1372 2644 1458 2707; x_wconf 90' lang='lat' dir='ltr'>II.</span> <span class='ocrx_word' id='word_1_180' title='bbox 1485 2666 1638 2731; x_wconf 85' lang='lat' dir='ltr'>pag.</span> <span class='ocrx_word' id='word_1_181' title='bbox 1663 2664 1812 2729; x_wconf 57' lang='lat'>221.</span> <span class='ocrx_word' id='word_1_182' title='bbox 1842 2668 1940 2731; x_wconf 83' lang='lat' dir='ltr'>sq.</span> <span class='ocrx_word' id='word_1_183' title='bbox 1973 2645 2153 2729; x_wconf 86' lang='lat' dir='ltr'>quod</span> <span class='ocrx_word' id='word_1_184' title='bbox 2179 2646 2476 2712; x_wconf 83' lang='lat' dir='ltr'>auctori-</span> 
     </span>
     <span class='ocr_line' id='line_1_24' title="bbox 390 2743 2486 2834; baseline 0 -22"><span class='ocrx_word' id='word_1_185' title='bbox 390 2758 549 2813; x_wconf 63' lang='lat' dir='ltr'>tate„</span> <span class='ocrx_word' id='word_1_186' title='bbox 573 2757 693 2811; x_wconf 83' lang='lat' dir='ltr'>sua</span> <span class='ocrx_word' id='word_1_187' title='bbox 734 2744 1091 2818; x_wconf 82' lang='lat' dir='ltr'>confirmat</span> <span class='ocrx_word' id='word_1_188' title='bbox 1123 2757 1191 2809; x_wconf 90' lang='lat' dir='ltr'>et</span> <span class='ocrx_word' id='word_1_189' title='bbox 1215 2743 1465 2829; x_wconf 86' lang='lat' dir='ltr'>insigni</span> <span class='ocrx_word' id='word_1_190' title='bbox 1494 2748 2193 2834; x_wconf 83' lang='lat' dir='ltr'>supplementoauget</span> <span class='ocrx_word' id='word_1_191' title='bbox 2215 2748 2486 2833; x_wconf 63' lang='lat' dir='ltr'>Pausa-2</span> 
     </span>
     <span class='ocr_line' id='line_1_25' title="bbox 386 2847 2470 2937; baseline -0.001 -20"><span class='ocrx_word' id='word_1_192' title='bbox 386 2852 533 2917; x_wconf 86' lang='lat' dir='ltr'>nias</span> <span class='ocrx_word' id='word_1_193' title='bbox 564 2850 642 2915; x_wconf 93' lang='lat' dir='ltr'>II.</span> <span class='ocrx_word' id='word_1_194' title='bbox 690 2868 839 2937; x_wconf 86' lang='lat' dir='ltr'>pag.</span> <span class='ocrx_word' id='word_1_195' title='bbox 874 2870 1025 2934; x_wconf 80' lang='lat'>1¹9·-</span> <span class='ocrx_word' id='word_1_196' title='bbox 1071 2848 1216 2935; x_wconf 86' lang='lat' dir='ltr'>Qui</span> <span class='ocrx_word' id='word_1_197' title='bbox 1260 2847 1442 2933; x_wconf 84' lang='lat' dir='ltr'>quod</span> <span class='ocrx_word' id='word_1_198' title='bbox 1487 2849 1830 2935; x_wconf 84' lang='lat' dir='ltr'>aliquoties</span> <span class='ocrx_word' id='word_1_199' title='bbox 1872 2862 2362 2931; x_wconf 81' lang='lat' dir='ltr'>commemorat</span> <span class='ocrx_word' id='word_1_200' title='bbox 2401 2860 2470 2917; x_wconf 83' lang='lat' dir='ltr'>et</span> 
     </span>
     <span class='ocr_line' id='line_1_26' title="bbox 358 2939 2474 3039; baseline 0 -24"><span class='ocrx_word' id='word_1_201' title='bbox 358 2965 362 2971; x_wconf 87' lang='grc'><strong>“</strong></span> <span class='ocrx_word' id='word_1_202' title='bbox 380 2948 781 3039; x_wconf 56' lang='lat' dir='ltr'>germanum</span> <span class='ocrx_word' id='word_1_203' title='bbox 820 2948 1083 3015; x_wconf 89' lang='lat' dir='ltr'>Eumeli</span> <span class='ocrx_word' id='word_1_204' title='bbox 1128 2946 1385 3015; x_wconf 81' lang='lat' dir='ltr'>foetum</span> <span class='ocrx_word' id='word_1_205' title='bbox 1406 2998 1428 3031; x_wconf 90' lang='lat'>,</span> <span class='ocrx_word' id='word_1_206' title='bbox 1470 2964 1738 3019; x_wconf 75' lang='lat' dir='ltr'>tantum</span> <span class='ocrx_word' id='word_1_207' title='bbox 1759 2974 1900 3017; x_wconf 88' lang='lat' dir='ltr'>non</span> <span class='ocrx_word' id='word_1_208' title='bbox 1927 2952 2204 3017; x_wconf 86' lang='lat' dir='ltr'>vnicum</span> <span class='ocrx_word' id='word_1_209' title='bbox 2225 2998 2244 3031; x_wconf 91' lang='lat'>,</span> <span class='ocrx_word' id='word_1_210' title='bbox 2277 2939 2474 3038; x_wconf 39' lang='lat' dir='ltr'>&#39;praef</span> 
     </span>
     <span class='ocr_line' id='line_1_27' title="bbox 379 3048 2468 3142; baseline -0.002 -21"><span class='ocrx_word' id='word_1_211' title='bbox 379 3054 591 3137; x_wconf 86' lang='lat' dir='ltr'>dieat,</span> <span class='ocrx_word' id='word_1_212' title='bbox 634 3052 751 3119; x_wconf 90' lang='lat' dir='ltr'>lib.</span> <span class='ocrx_word' id='word_1_213' title='bbox 779 3052 897 3119; x_wconf 86' lang='lat' dir='ltr'>IV.</span> <span class='ocrx_word' id='word_1_214' title='bbox 926 3072 1089 3137; x_wconf 57' lang='lat' dir='ltr'>pag.</span> <span class='ocrx_word' id='word_1_215' title='bbox 1114 3048 1260 3139; x_wconf 76' lang='lat'>237.</span> <span class='ocrx_word' id='word_1_216' title='bbox 1292 3075 1359 3141; x_wconf 89' lang='lat' dir='ltr'>p.</span> <span class='ocrx_word' id='word_1_217' title='bbox 1381 3052 1530 3119; x_wconf 82' lang='lat'>561.</span> <span class='ocrx_word' id='word_1_218' title='bbox 1559 3065 1628 3119; x_wconf 86' lang='lat' dir='ltr'>et</span> <span class='ocrx_word' id='word_1_219' title='bbox 1659 3055 1774 3121; x_wconf 91' lang='lat' dir='ltr'>lib.</span> <span class='ocrx_word' id='word_1_220' title='bbox 1807 3055 1904 3129; x_wconf 84' lang='lat' dir='ltr'>V.</span> <span class='ocrx_word' id='word_1_221' title='bbox 1923 3078 1993 3142; x_wconf 88' lang='lat' dir='ltr'>p.</span> <span class='ocrx_word' id='word_1_222' title='bbox 2011 3053 2174 3139; x_wconf 84' lang='lat'>427.</span> <span class='ocrx_word' id='word_1_223' title='bbox 2193 3075 2468 3121; x_wconf 82' lang='lat' dir='ltr'>carmen</span> 
     </span>
     <span class='ocr_line' id='line_1_28' title="bbox 331 3153 2488 3243; baseline 0 -22"><span class='ocrx_word' id='word_1_224' title='bbox 331 3160 336 3173; x_wconf 76' lang='lat'><em>¹</em></span> <span class='ocrx_word' id='word_1_225' title='bbox 374 3157 648 3230; x_wconf 88' lang='lat' dir='ltr'>Eumeli</span> <span class='ocrx_word' id='word_1_226' title='bbox 673 3153 1087 3242; x_wconf 79' lang='lat' dir='ltr'>prosodium,</span> <span class='ocrx_word' id='word_1_227' title='bbox 1114 3174 1256 3219; x_wconf 86' lang='lat' dir='ltr'>non</span> <span class='ocrx_word' id='word_1_228' title='bbox 1286 3155 1553 3243; x_wconf 87' lang='lat' dir='ltr'>epicum</span> <span class='ocrx_word' id='word_1_229' title='bbox 1573 3204 1594 3237; x_wconf 92' lang='lat'>,</span> <span class='ocrx_word' id='word_1_230' title='bbox 1637 3158 1752 3225; x_wconf 86' lang='lat' dir='ltr'>sed</span> <span class='ocrx_word' id='word_1_231' title='bbox 1781 3156 2086 3223; x_wconf 87' lang='lat' dir='ltr'>doricum</span> <span class='ocrx_word' id='word_1_232' title='bbox 2117 3154 2488 3235; x_wconf 66' lang='lat' dir='ltr'>fuit,Mes-&#39;·‘</span> 
     </span>
     <span class='ocr_line' id='line_1_29' title="bbox 374 3255 2481 3345; baseline -0 -21"><span class='ocrx_word' id='word_1_233' title='bbox 374 3258 577 3325; x_wconf 84' lang='lat' dir='ltr'>seniis</span> <span class='ocrx_word' id='word_1_234' title='bbox 610 3257 859 3345; x_wconf 83' lang='lat' dir='ltr'>quippe</span> <span class='ocrx_word' id='word_1_235' title='bbox 890 3255 1253 3343; x_wconf 66' lang='lat' dir='ltr'>scriptum.</span> <span class='ocrx_word' id='word_1_236' title='bbox 1285 3256 1648 3325; x_wconf 87' lang='lat' dir='ltr'>Homerico</span> <span class='ocrx_word' id='word_1_237' title='bbox 1677 3278 1992 3325; x_wconf 87' lang='lat' dir='ltr'>sermone</span> <span class='ocrx_word' id='word_1_238' title='bbox 2016 3257 2082 3321; x_wconf 88' lang='lat' dir='ltr'>N</span> <span class='ocrx_word' id='word_1_239' title='bbox 2082 3257 2481 3343; x_wconf 63' lang='lat' dir='ltr'>aupaetico-,</span> 
     </span>
     <span class='ocr_line' id='line_1_30' title="bbox 370 3350 2488 3447; baseline -0.001 -20"><span class='ocrx_word' id='word_1_240' title='bbox 370 3385 553 3441; x_wconf 85' lang='lat' dir='ltr'>rum,</span> <span class='ocrx_word' id='word_1_241' title='bbox 596 3371 662 3425; x_wconf 90' lang='lat' dir='ltr'>et</span> <span class='ocrx_word' id='word_1_242' title='bbox 690 3360 1108 3437; x_wconf 74' lang='lat' dir='ltr'>Phoronidis,</span> <span class='ocrx_word' id='word_1_243' title='bbox 1150 3350 1581 3447; x_wconf 75' lang='lat' dir='ltr'>aliorumque</span> <span class='ocrx_word' id='word_1_244' title='bbox 1607 3361 1989 3429; x_wconf 82' lang='lat' dir='ltr'>carminum</span> <span class='ocrx_word' id='word_1_245' title='bbox 2011 3369 2315 3423; x_wconf 82' lang='lat' dir='ltr'>auctores</span> <span class='ocrx_word' id='word_1_246' title='bbox 2344 3358 2488 3443; x_wconf 41' lang='grc' dir='ltr'>ιιι-χ</span> 
     </span>
     <span class='ocr_line' id='line_1_31' title="bbox 370 3457 2458 3550; baseline -0.002 -21"><span class='ocrx_word' id='word_1_247' title='bbox 370 3462 583 3543; x_wconf 79' lang='lat' dir='ltr'>certi3</span> <span class='ocrx_word' id='word_1_248' title='bbox 622 3460 945 3532; x_wconf 80' lang='lat' dir='ltr'>Pisander</span> <span class='ocrx_word' id='word_1_249' title='bbox 969 3464 1167 3531; x_wconf 85' lang='lat' dir='ltr'>etiam</span> <span class='ocrx_word' id='word_1_250' title='bbox 1188 3512 1207 3543; x_wconf 89' lang='lat'>,</span> <span class='ocrx_word' id='word_1_251' title='bbox 1253 3474 1323 3527; x_wconf 86' lang='lat' dir='ltr'>et</span> <span class='ocrx_word' id='word_1_252' title='bbox 1352 3462 1685 3549; x_wconf 85' lang='lat' dir='ltr'>Panyasis.</span> <span class='ocrx_word' id='word_1_253' title='bbox 1751 3462 1943 3550; x_wconf 87' lang='lat' dir='ltr'>Quos</span> <span class='ocrx_word' id='word_1_254' title='bbox 1970 3481 2206 3541; x_wconf 79' lang='lat' dir='ltr'>omnes</span> <span class='ocrx_word' id='word_1_255' title='bbox 2241 3457 2458 3545; x_wconf 87' lang='lat' dir='ltr'>epicos</span> 
     </span>
     <span class='ocr_line' id='line_1_32' title="bbox 370 3560 2457 3652; baseline -0.002 -21"><span class='ocrx_word' id='word_1_256' title='bbox 370 3566 518 3633; x_wconf 73' lang='lat' dir='ltr'>dixi</span> <span class='ocrx_word' id='word_1_257' title='bbox 572 3588 770 3631; x_wconf 89' lang='lat' dir='ltr'>sensu</span> <span class='ocrx_word' id='word_1_258' title='bbox 822 3565 1063 3631; x_wconf 83' lang='lat' dir='ltr'>latiore</span> <span class='ocrx_word' id='word_1_259' title='bbox 1081 3614 1101 3647; x_wconf 90' lang='lat'>,</span> <span class='ocrx_word' id='word_1_260' title='bbox 1170 3588 1383 3652; x_wconf 86' lang='lat' dir='ltr'>quum</span> <span class='ocrx_word' id='word_1_261' title='bbox 1431 3562 1926 3652; x_wconf 76' lang='lat' dir='ltr'>antiquissimas</span> <span class='ocrx_word' id='word_1_262' title='bbox 1966 3560 2224 3629; x_wconf 84' lang='lat' dir='ltr'>fabulas</span> <span class='ocrx_word' id='word_1_263' title='bbox 2265 3562 2457 3649; x_wconf 88' lang='lat' dir='ltr'>epico</span> 
     </span>
    </p>
   </div>
   <div class='ocr_carea' id='block_1_15' title="bbox 242 3665 2458 3755">
    <p class='ocr_par' dir='ltr' id='par_1_17' title="bbox 242 3665 2458 3755">
     <span class='ocr_line' id='line_1_33' title="bbox 242 3665 2458 3755; baseline 0 -25"><span class='ocrx_word' id='word_1_264' title='bbox 242 3717 250 3725; x_wconf 74' lang='grc'><em>.</em></span> <span class='ocrx_word' id='word_1_265' title='bbox 364 3686 634 3751; x_wconf 79' lang='lat' dir='ltr'>genere,</span> <span class='ocrx_word' id='word_1_266' title='bbox 674 3665 835 3733; x_wconf 87' lang='lat' dir='ltr'>licet</span> <span class='ocrx_word' id='word_1_267' title='bbox 860 3669 1157 3755; x_wconf 87' lang='lat' dir='ltr'>quidam,</span> <span class='ocrx_word' id='word_1_268' title='bbox 1202 3667 1426 3741; x_wconf 81' lang='lat' dir='ltr'>veluti.</span> <span class='ocrx_word' id='word_1_269' title='bbox 1444 3670 1769 3735; x_wconf 88' lang='lat' dir='ltr'>Eumelus</span> <span class='ocrx_word' id='word_1_270' title='bbox 1794 3666 2102 3747; x_wconf 86' lang='lat' dir='ltr'>fortasse,</span> <span class='ocrx_word' id='word_1_271' title='bbox 2131 3676 2276 3735; x_wconf 74' lang='lat' dir='ltr'>arte</span> <span class='ocrx_word' id='word_1_272' title='bbox 2301 3688 2458 3731; x_wconf 86' lang='lat' dir='ltr'>ma·-</span> 
     </span>
    </p>
   </div>
   <div class='ocr_carea' id='block_1_16' title="bbox 359 3767 2486 3857">
    <p class='ocr_par' dir='ltr' id='par_1_18' title="bbox 359 3767 2486 3857">
     <span class='ocr_line' id='line_1_34' title="bbox 359 3767 2486 3857; baseline 0.002 -24"><span class='ocrx_word' id='word_1_273' title='bbox 359 3770 461 3855; x_wconf 83' lang='lat' dir='ltr'>gis</span> <span class='ocrx_word' id='word_1_274' title='bbox 500 3767 823 3835; x_wconf 82' lang='lat' dir='ltr'>historica</span> <span class='ocrx_word' id='word_1_275' title='bbox 838 3818 857 3853; x_wconf 88' lang='lat'>,</span> <span class='ocrx_word' id='word_1_276' title='bbox 903 3793 1106 3856; x_wconf 85' lang='lat' dir='ltr'>quam</span> <span class='ocrx_word' id='word_1_277' title='bbox 1134 3772 1343 3857; x_wconf 82' lang='lat' dir='ltr'>&#39;epica</span> <span class='ocrx_word' id='word_1_278' title='bbox 1358 3818 1381 3853; x_wconf 85' lang='lat'>,</span> <span class='ocrx_word' id='word_1_279' title='bbox 1425 3770 1880 3840; x_wconf 82' lang='lat' dir='ltr'>tractauerint.</span> <span class='ocrx_word' id='word_1_280' title='bbox 1939 3770 2246 3837; x_wconf 85' lang='lat' dir='ltr'>Fuerunt</span> <span class='ocrx_word' id='word_1_281' title='bbox 2275 3769 2454 3837; x_wconf 83' lang='lat' dir='ltr'>inter</span> <span class='ocrx_word' id='word_1_282' title='bbox 2473 3822 2486 3853; x_wconf 33' lang='grc'>,-</span> 
     </span>
    </p>
   </div>
   <div class='ocr_carea' id='block_1_17' title="bbox 358 3860 2567 3962">
    <p class='ocr_par' dir='ltr' id='par_1_19' title="bbox 358 3860 2567 3962">
     <span class='ocr_line' id='line_1_35' title="bbox 358 3860 2567 3962; baseline 0 -23"><span class='ocrx_word' id='word_1_283' title='bbox 358 3873 607 3939; x_wconf 83' lang='lat' dir='ltr'>horum</span> <span class='ocrx_word' id='word_1_284' title='bbox 642 3882 1001 3957; x_wconf 85' lang='lat' dir='ltr'>poetarum</span> <span class='ocrx_word' id='word_1_285' title='bbox 1028 3872 1371 3957; x_wconf 82' lang='lat' dir='ltr'>carmina,¹</span> <span class='ocrx_word' id='word_1_286' title='bbox 1410 3897 1561 3961; x_wconf 83' lang='lat' dir='ltr'>quae</span> <span class='ocrx_word' id='word_1_287' title='bbox 1591 3874 1675 3941; x_wconf 92' lang='lat' dir='ltr'>ab</span> <span class='ocrx_word' id='word_1_288' title='bbox 1699 3870 2092 3947; x_wconf 81' lang='lat' dir='ltr'>hominibus</span> <span class='ocrx_word' id='word_1_289' title='bbox 2117 3872 2474 3962; x_wconf 53' lang='lat' dir='ltr'>imperitis,</span> <span class='ocrx_word' id='word_1_290' title='bbox 2507 3925 2516 3931; x_wconf 85' lang='lat'>.</span> <span class='ocrx_word' id='word_1_291' title='bbox 2555 3860 2567 3873; x_wconf 65' lang='grc'><em>’</em></span> 
     </span>
    </p>
   </div>
   <div class='ocr_carea' id='block_1_18' title="bbox 350 3972 2478 4064">
    <p class='ocr_par' dir='ltr' id='par_1_20' title="bbox 350 3972 2478 4064">
     <span class='ocr_line' id='line_1_36' title="bbox 350 3972 2478 4064; baseline 0.001 -25"><span class='ocrx_word' id='word_1_292' title='bbox 350 3974 480 4063; x_wconf 85' lang='lat' dir='ltr'>ipsi</span> <span class='ocrx_word' id='word_1_293' title='bbox 512 3976 813 4042; x_wconf 89' lang='lat' dir='ltr'>Homero</span> <span class='ocrx_word' id='word_1_294' title='bbox 846 3975 1385 4060; x_wconf 85' lang='lat' dir='ltr'>assignarentur,</span> <span class='ocrx_word' id='word_1_295' title='bbox 1431 3978 1622 4043; x_wconf 81' lang='lat' dir='ltr'>velut</span> <span class='ocrx_word' id='word_1_296' title='bbox 1651 3972 1980 4064; x_wconf 83' lang='lat' dir='ltr'>Epigoni,</span> <span class='ocrx_word' id='word_1_297' title='bbox 2021 3974 2180 4041; x_wconf 88' lang='lat' dir='ltr'>Ilias</span> <span class='ocrx_word' id='word_1_298' title='bbox 2209 3998 2478 4061; x_wconf 84' lang='lat' dir='ltr'>parua‚.</span> 
     </span>
    </p>
   </div>
   <div class='ocr_carea' id='block_1_19' title="bbox 342 4075 2439 4189">
    <p class='ocr_par' dir='ltr' id='par_1_21' title="bbox 342 4075 2500 4189">
     <span class='ocr_line' id='line_1_37' title="bbox 342 4075 2439 4189; baseline -0.009 -43"><span class='ocrx_word' id='word_1_299' title='bbox 342 4076 637 4167; x_wconf 76' lang='lat' dir='ltr'>Cypria,</span> <span class='ocrx_word' id='word_1_300' title='bbox 682 4075 852 4163; x_wconf 88' lang='lat' dir='ltr'>quin</span> <span class='ocrx_word' id='word_1_301' title='bbox 890 4075 1105 4145; x_wconf 87' lang='lat' dir='ltr'>immo</span> <span class='ocrx_word' id='word_1_302' title='bbox 1139 4078 1386 4167; x_wconf 72' lang='lat' dir='ltr'>cyclus</span> <span class='ocrx_word' id='word_1_303' title='bbox 1402 4104 1431 4164; x_wconf 83' lang='lat'>3</span> <span class='ocrx_word' id='word_1_304' title='bbox 1471 4078 1584 4149; x_wconf 78' lang='lat' dir='ltr'>vel</span> <span class='ocrx_word' id='word_1_305' title='bbox 1613 4076 1700 4143; x_wconf 84' lang='lat' dir='ltr'>ob</span> <span class='ocrx_word' id='word_1_306' title='bbox 1731 4088 2214 4189; x_wconf 68' lang='lat' dir='ltr'>argumentum</span> <span class='ocrx_word' id='word_1_307' title='bbox 2243 4075 2439 4143; x_wconf 82' lang='lat' dir='ltr'>Iliadi</span> 
     </span>
    </p>
   </div>
   <div class='ocr_carea' id='block_1_20' title="bbox 2646 2418 2676 2449">
    <p class='ocr_par' dir='ltr' id='par_1_22' title="bbox 2646 2418 2676 2449">
     <span class='ocr_line' id='line_1_38' title="bbox 2646 2418 2676 2449; baseline 0 0"><span class='ocrx_word' id='word_1_308' title='bbox 2646 2418 2676 2449; x_wconf 63' lang='lat'><em>8</em></span> 
     </span>
    </p>
   </div>
   <div class='ocr_carea' id='block_1_21' title="bbox 2813 2345 2815 2425">
    <p class='ocr_par' dir='ltr' id='par_1_23' title="bbox 2813 2313 2815 2425">
     <span class='ocr_line' id='line_1_39' title="bbox 2813 2345 2815 2425; baseline 0 -99"><span class='ocrx_word' id='word_1_309' title='bbox 2813 2345 2815 2425; x_wconf 30' lang='lat' dir='ltr'>s</span> 
     </span>
    </p>
   </div>
  </div>
 </body>
</html>
