2826 4740
1150 312 1802 362 --·-122---

422 414 747 565 populos,
792 492 959 559 quos
1001 478 1235 559 postea
1274 467 1663 551 communi,
1723 466 1842 537 sed
1889 492 1968 537 ea
2007 491 2181 559 vaga
2221 470 2525 562 Scythas
2626 466 2633 483 '

426 600 584 645 rum
611 573 1067 664 appellatione
1094 564 1396 661 amplexi
1426 586 1612 654 sunt,
1663 584 1732 637 et
1755 571 2076 639 Straboni
2108 596 2262 639 cum
2286 574 2523 663 Epho-

420 704 504 747 ro
538 679 671 745 fuit
698 677 845 743 veri
872 674 1123 756 simile,
1167 696 1293 738 nec
1326 698 1452 739 nos
1490 697 1844 761 negamus,
1932 674 2074 743 Hoc
2101 690 2328 743 autem
2361 702 2519 743 cer-

318 832 331 855 ,
418 794 571 848 tum
606 792 744 861 est,
800 777 885 845 a‘b
932 757 1253 845 Choerilo
1294 774 1390 841 ita
1431 766 1858 843 intellectum
1899 799 2038 840 esse
2082 778 2365 847 Homeri
2408 784 2516 848 lo..

414 906 595 963 cum.
687 880 861 948 Hinc
890 900 1098 966 porro
1136 878 1468 965 sequitur,
1514 892 1591 945 vt
1610 879 1961 946 Choerilus
1991 878 2288 969 Scythas
2311 904 2516 949 veros

418 997 485 1051 et
535 982 1063 1069 antiquissimos,
1126 996 1413 1065 quorum
1461 964 1666 1049 Sacoe
1705 983 1980 1067 cognati·
2013 995 2080 1046 et
2124 984 2377 1066 coloni,
2434 986 2514 1049 in

396 1086 695 1173 ¹Europa
740 1081 1194 1149 collocauerit.
1292 1084 1471 1149 Nam
1528 1084 1629 1151 illi
1671 1086 1948 1151 Homeri
2007 1084 2402 1173 Ἱππημολγοί
2441 1099 2511 1151 et

399 1192 641 1275 ”Apum
686 1187 945 1274 pariter
975 1208 1057 1248 ac
1087 1184 1383 1251 Thraces
1417 1186 1744 1274 Mysique,
1787 1190 2098 1277 Europae,
2139 1212 2286 1275 quae
2319 1200 2513 1277 post-

412 1316 491 1357 ea
517 1290 691 1357 diota
714 1301 845 1369 est,
892 1288 1193 1353 fuerunt
1204 1288 1461 1376 populi.
1533 1290 1758 1380 Quod
1793 1293 2062 1357 dudum
2094 1292 2284 1373 vidit,
2326 1314 2510 1379 prae-

308 1403 313 1409 ’
410 1406 618 1460 eunte
662 1389 1055 1473 Posidonio,
1102 1378 1345 1457 Strabo
1385 1412 1538 1506 pag.
1551 1394 1715 1487 0455.
1743 1396 1890 1473 464.
1920 1395 2036 1460 fin.
2075 1406 2144 1459 et
2175 1394 2324 1461 465.
2410 1396 2506 1465 Vt

408 1511 668 1567 taceam
696 1474 1087 1583 Ephorum
1134 1489 1253 1577 qui
1290 1504 1361 1558 et
1394 1494 1540 1582 ipse
1587 1496 1671 1561 de
1713 1495 1984 1590 Scythis
2023 1495 2369 1590 Europaeis
2395 1498 2506 1561 lo·

396 1603 667 1691 quitur.
756 1596 889 1664 Sed
916 1597 1047 1660 hoc
1091 1617 1436 1712 quemque
1463 1596 1741 1665 Homeri
1779 1598 1996 1663 ve1ba
2021 1598 2281 1669 docent.
2363 1598 2506 1682 Igi-

404 1714 525 1773 tur
557 1700 825 1799 Scythis
870 1699 1149 1787 proprie
1196 1695 1424 1777 dictis,
1463 1698 1844 1785 Europaeis,
1891 1699 2247 1772 Choerilus
2276 1723 2502 1853 oppo-

404 1811 506 1877 nit
532 1806 764 1886 Sacas,
810 1800 1201 1890 Scythicum
1232 1821 1482 1887 genus,
1525 1802 1642 1867 sed
1673 1802 2026 1871 Asianos:

984 1947 1160 2039 γενεῇ
1200 1942 1490 2015 Σκύθαι·
1545 1942 1748 2041 αυτοῖρ
1791 1948 2002 2023 ἔναιον

568 2051 795 2124 Ἀσίδα
837 2046 1223 2136 πυροφόρον·

400 2222 621 2307 Atque
648 2218 831 2299 hoc,
880 2212 1088 2301 ·quod
1140 2212 1535 2297 primariam
1580 2226 1649 2281 et
1691 2212 2048 2307 propriam
2080 2214 2494 2305 Scytharum
2559 2272 2565 2285 .

396 2326 629 2394 sedem
666 2318 833 2387 facit
870 2318 1217 2408 Europam
1236 2370 1251 2392 ‚
1296 2314 1460 2384 facit
1499 2319 2064 2386 consentientibus
2109 2316 2495 2404 antiquissi-

390 2428 525 2496 mis
566 2421 1026 2511 scriptoribus.
1120 2419 1265 2509 Qui
1308 2410 1428 2486 etsi
1473 2423 1816 2489 interdum
1851 2421 2142 2509 Scythas
2183 2441 2494 2487 seorsum

390 2540 678 2622 ponunt,
718 2525 816 2591 ita
838 2549 887 2590 v·
888 2537 921 2588 t
944 2546 1166 2608 neque
1192 2524 1367 2589 Asiae
1392 2547 1616 2611 neque
1640 2524 1934 2610 Europoe
1964 2547 2076 2590 eos
2105 2523 2350 2593 diserte
2377 2543 2490 2608 ⁸⁸⁴:

388 2635 683 2720 signent.
741 2625 816 2690 iu
854 2626 937 2690 iis
976 2637 1207 2690 tamen
1258 2624 1407 2690 illos
1449 2627 1650 2722 terris
1707 2649 1962 2714 ponere
2001 2625 2254 2708 solent,
2319 2645 2486 2710 quas

386 2745 619 2824 postea
648 2729 941 2814 Europae
966 2747 1220 2790 nomen
1262 2710 1652 2814 occupauit,
1699 2739 1768 2792 et
1795 2727 1995 2792 Asiae
2019 2727 2110 2794 ita
2137 2737 2489 2816 opponunt

389 2836 712 2925 Scythas,
757 2841 839 2894 vt
875 2829 1181 2916 Europae
1224 2825 1720 2894 coniunctiores
1763 2829 2146 2896 videantur.
2215 2831 2339 2897 Ex
2365 2851 2488 2894 re·-

382 2933 794 3008 rentioribus
837 2929 1235 3019 Apollonius
1269 2929 1568 2996 Rhodius
1583 2979 1602 3011 ‚
1648 2925 2029 2996 Homerum
2061 2932 2340 3001 sonasse
2364 2928 2488 2998 r'e-

386 3027 707 3132 spiciens,
752 3033 1177 3124 Scytharum
1212 3054 1354 3098 non
1390 3028 1746 3116 meminit,
1795 3035 1922 3101 nisi
1965 3036 2040 3100 in
2081 3059 2162 3100 ea
2185 3035 2482 3122 regione,

384 3167 542 3234 quae
564 3149 792 3231 aperte
829 3149 927 3201 est
960 3137 1105 3202 Em
1106 3157 1286 3222 opaex
1350 3137 1468 3203 IV.
1507 3134 1654 3220 288.
1687 3138 1832 3204 520.
1919 3139 2254 3206 Proetereo
2285 3137 2478 3202 alios.

266 3270 278 3278 ’
385 3251 618 3338 Quare
647 3238 999 3328 Europaeis
1030 3239 1252 3319 Sacas,
1293 3236 1628 3319 Asianos,
1675 3253 1858 3313 recte
1889 3241 2160 3328 opponit
2191 3237 2482 3309 Choeri-

380 3351 511 3415 lus.
578 3347 724 3410 Iam
760 3342 844 3407 de
872 3342 975 3406 his
1005 3342 1165 3406 nolo
1192 3341 1562 3415 cumulare,
1605 3361 1756 3424 quae
1781 3367 1866 3408 ex
1892 3340 2258 3422 Herodoto,
2300 3337 2478 3404 Dio-

381 3453 572 3529 doro,
616 3444 970 3522 Strabone,
1014 3443 1399 3524 Ptolemaeo,
1443 3443 1773 3530 Dionysio
1795 3443 2160 3528 Periegeta,
2208 3442 2474 3545 Curtio,

378 3549 853 3639 Agathemero,
908 3546 1073 3624 aliis,
1121 3555 1626 3629 cognoscantur.
1715 3543 1912 3611 Vnde
1947 3546 2220 3630 assequi,
2265 3567 2472 3634 quam
2531 3564 2536 3572 ·

372 3652 761 3740 regionem
755 3646 943 3713 Asiae
981 3648 1343 3713 habuerint
1388 3646 1604 3728 Sacae,
1647 3644 1823 3714 licet.
1910 3646 2298 3712 Herodotus
2344 3647 2472 3714 hac

375 3757 463 3822 de
506 3775 586 3818 re
628 3749 834 3816 nihil.
896 3749 1081 3815 cuius
1125 3754 1311 3816 locus
1358 3761 1517 3818 ante
1557 3749 1784 3814 omnia
1825 3739 2301 3840 memorandus
2343 3759 2466 3830 est,

372 3857 521 3926 VII.
552 3854 653 3921 64.
731 3850 875 3918 Sed
898 3852 1061 3936 quid
1092 3857 1388 3935 senserit,
1435 3861 1648 3942 quum
1677 3873 1762 3916 ex
1788 3831 2114 3931 hocloco,
2161 3849 2322 3914 vbi
2303 3873 2470 3916 mx..

372 3973 445 4026 ta
470 3954 763 4026 Bactrius
788 3955 1223 4039 collocantur,
1266 3963 1422 4022 tum
1451 3953 1793 4035 exaltero,
1837 3950 1948 4018 ΙΙΙ.
1976 3954 2082 4040 95.
2111 3951 2462 4036 colligitur.

332 4077 335 4082 ·
374 4058 588 4152 Quod
629 4067 863 4126 autem
888 4057 1271 4151 Herodotus
1304 4057 1506 4136 Sacas
1545 4055 1754 4126 fuisse
1797 4055 2083 4146 Scythas
2105 4053 2465 4144 Amyrgios
