2826 4740
1141 252 1319 301 ...ἰ-.-
1401 249 1527 315 240
1579 284 1784 313 ,.---.-.

406 396 671 511 finem,
716 398 919 515 ouem
956 435 1107 491 tum
1147 412 1516 511 spectabat,
1569 404 1975 491 obseruauit.
2059 412 2326 515 Nempe
2369 410 2538 495 ‹ie-⁶

300 579 309 596 ,
406 540 911 599 monstraturus
965 539 1143 608 erat,
1216 524 1424 591 eliam
1479 547 1724 612 magna
1783 528 2088 611 quaedam
2131 529 2497 612 perfecisse

276 634 288 644 '
406 630 981 721 Sardanapalum&
1040 635 1326 717 φαίνεται
1356 624 1468 696 cvr
1497 627 1607 697 otii
1633 630 1947 717 -αιτρακτος
1971 624 2294 717 γενόμενος
2318 644 2499 725 Σαρέ

406 733 821 812 ‘’audaciae“
826 740 931 802 καῖ
954 761 1072 822 γαρ
1104 734 1544 820 ἐπιγέγραπται
1571 744 1696 797 etc.

578 838 667 905 At
708 840 887 904 male
929 836 1208 903 omnino
1248 836 1629 903 Clearchus
1653 836 1782 901 hoc
1813 833 2101 918 addidit,
2157 837 2344 925 quod
2389 852 2498 911 est

401 936 489 1009 de
520 954 764 1009 morte.
846 942 1002 1008 Non
1040 940 1186 1007 haec
1214 934 1344 1005 fuit
1382 938 1768 1014 Anchialeae
1795 938 2248 1027 inscriptionis
2275 968 2496 1029 mens,

397 1056 477 1113 vt
522 1068 602 1111 ea
638 1041 723 1110 de
764 1066 993 1110 caussa
1036 1035 1294 1109 frustra
1322 1040 1532 1107 fuisse
1558 1042 1742 1107 dicei
1743 1053 1810 1108 et
1833 1064 2081 1135 magna
2106 1046 2492 1129 conamina,

397 1142 583 1236 quod
638 1146 1071 1213 moriendum
1117 1144 1387 1211 fuisset.
1471 1146 1994 1211 Monumentum
2043 1144 2492 1217 Anchialeum

396 1272 540 1318 non
607 1262 960 1319 mortuum
1026 1248 1300 1315 sistebat
1368 1248 1942 1365 Sardanapalum,
2027 1252 2148 1317 sed
2223 1256 2494 1341 viuum.

396 1354 681 1445 Quippe
718 1352 1021 1440 positum
1062 1363 1208 1417 erat
1245 1352 1317 1422 in
1364 1352 1768 1435 memoriam
1795 1352 2074 1419 vrbium
2100 1355 2184 1421 ab
2213 1380 2292 1423 eo
2319 1381 2491 1425 con-

302 1478 306 1482 ’
392 1458 715 1525 ditatum.
810 1456 900 1523 Et
961 1454 1420 1543 inscriptionis
1475 1456 1588 1527 hic
1639 1452 1772 1521 fuit
1815 1476 2075 1539 sensus,
2133 1471 2214 1525 vt
2258 1456 2496 1547 p'rimo„

183 1570 217 1644 ἰ
308 1548 311 1553 ’
390 1582 676 1649 magna,
722 1579 872 1644 quae
904 1548 1296 1647 peregisset,
1339 1580 1586 1651 opera,
1629 1560 1922 1625 Tarsum
1957 1558 2484 1649 et‘Anchialam,

316 1716 327 1729 ,
386 1661 601 1729 iactat
604 1674 705 1743 et,
750 1660 1055 1727 de'inde
1032 1684 1181 1751 ipse
1216 1685 1409 1729 suam
1434 1660 1867 1753 iactationem¹
1889 1662 2236 1749 castigans,
2263 1676 2336 1730 et
2362 1666 2484 1731 in-
2518 1663 2524 1673 ’

295 1803 300 1815 ·
389 1765 564 1832 tima
606 1765 899 1853 pectoris
940 1765 1265 1831 euoluens
1288 1811 1308 1845 ‚
1366 1776 1715 1847 moneret,
1777 1764 2141 1855 sapientius
2176 1752 2480 1837 facturos

299 1843 310 1867 x
388 1891 530 1935 esse
569 1868 757 1949 alios,
801 1866 858 1932 si
888 1866 1275 1955 posthabita
1301 1875 1704 1953 magnarum
1739 1887 1971 1933 rerum
1997 1868 2228 1963 gloria,
2276 1858 2482 1937 vnice
2529 1912 2544 1925 κ

366 1969 745 2061 *studerent
788 1970 1153 2057 voluptati:
1223 1980 1485 2059 practer
1515 1968 1691 2035 hanc
1728 1966 1961 2034 omnia
1995 1969 2192 2043 nihili
2239 1984 2478 2039 aestu-

318 2092 321 2099 '
386 2072 641 2141 manda
679 2096 843 2139 esse.
930 2070 1202 2160 Igitur
1181 2094 1253 2137 m
1294 2071 1399 2139 his
1435 2070 1608 2137 nihil
1652 2072 1743 2137 de
1777 2072 2020 2138 morte.
2055 2072 2509 2144 Anchiales*

363 2177 777 2263 inscriptiO,
820 2198 959 2243 non
1001 2174 1427 2263 sepulcralis,
1471 2158 1680 2263 probe
1719 2174 2164 2243 discernenda
2209 2190 2350 2262 est,
2393 2181 2472 2247 id

298 2310 326 2317 -·
382 2278 563 2368 quod
612 2278 723 2345 hic
758 2278 1007 2344 iterum
1052 2277 1570 2358 inculcandum,
1615 2298 1656 2342 a
1696 2278 2088 2365 sepulcrali,
2129 2303 2284 2368 quae
2305 2264 2492 2351 Nini

374 2383 508 2450 fuit
528 2431 547 2465 ,
594 2380 908 2472 expressa
936 2383 975 2448 a
1003 2380 1335 2449 Choerilo·
1410 2379 1606 2485 Quas
1633 2379 1801 2447 duas
1833 2392 1902 2447 et
1931 2383 2203 2470 penitus
2235 2386 2472 2455 diuer-

376 2511 483 2553 sas
512 2509 677 2570 esse,
722 2497 787 2550 et
814 2487 1227 2572 scriptorum
1262 2484 1338 2548 in
1368 2507 1636 2550 summo
1657 2481 1817 2550 licet
1846 2483 2149 2552 dissensu
2177 2486 2466 2558 conseri..

376 2611 527 2672 sus,
572 2599 639 2654 et
683 2587 1050 2656 Athenaei
1030 2611 1085 2651 is
1124 2587 1432 2653 maxime
1468 2572 1703 2668 locus,
1756 2584 1882 2652 vbi
1914 2585 2234 2678 Amyntae·
2266 2593 2466 2661 testi..

356 2679 688 2795 monium
718 2701 971 2772 exstat,
1016 2702 1085 2755 et
1117 2689 1456 2756 luculenta
1494 2690 1845 2778 Vtriusque
1869 2689 2362 2782 inscriptionis,
2399 2695 2464 2761 si
2503 2693 2510 2703 '

374 2804 631 2860 attente
674 2792 1181 2876 examinentur,
1236 2790 1687 2882 discrepantia
1737 2789 2104 2858 euincunt.
2169 2794 2463 2863 Prorsus

364 2909 442 2966 vt
474 2896 865 2963 mirandum
894 2893 1106 2980 foret,
1163 2919 1300 2984 quo
1329 2894 1537 2960 modo
1568 2893 2052 2978 Casaubonus,
2095 2917 2183 2962 ne
2210 2895 2466 2964 Schot-

308 3021 313 3024 ·
372 3011 519 3074 tum
568 3011 637 3069 et
674 3001 839 3066 alios
865 2994 1251 3082 nominem,
1295 3012 1654 3087 Vtramque
1681 2995 2104 3065 confundere
2133 3001 2462 3088 potuerit,
2515 3035 2519 3040 ·

367 3102 497 3170 nisi
542 3125 853 3186 errorem
888 3105 1251 3190 singularis
1277 3103 1357 3174 in
1378 3103 1506 3169 hac
1531 3126 1611 3168 re
1641 3101 2055 3192 scriptorum
2082 3101 2458 3171 obscuritas

366 3215 436 3300 et
462 3206 935 3296 perturbatio
914 3217 1299 3272 excusaret.
1360 3204 1698 3272 Distinxit
1721 3206 1868 3271 illas
1897 3205 2253 3271 Buherius.
2311 3205 2458 3274 Neo

352 3281 599 3372 'tamen
644 3309 805 3376 satis
843 3322 1157 3376 accurate
1200 3303 1529 3376 distinxit.
1613 3305 1708 3374 Vt
1753 3327 1834 3369 eo
1877 3303 2084 3390 liquet
2111 3309 2448 3398 exemplo,

363 3407 547 3494 quod
582 3411 785 3476 modo
812 3413 1281 3478 tractauimus·
1324 3426 1488 3475 nam
1516 3385 1767 3490 verba,
1807 3406 1966 3475 ἄλλα
1991 3395 2104 3476 viis·
2126 3411 2463 3490 π’θνηκεν.

358 3509 551 3578 nullo
593 3513 804 3581 modo
841 3503 1230 3606 recipienda
1274 3524 1468 3579 erant
1495 3511 1568 3578 in
1595 3510 2031 3586 Anchialeam
2056 3511 2450 3604 inscriptio-⁴·

356 3634 540 3680 nem.
640 3615 974 3684 Praeterea
1019 3607 1465 3708 scriptorum,
1521 3617 1640 3703 qui
1669 3624 2044 3702 'Vtramque
2085 3612 2442 3680 manifesto

356 3714 845 3800 confuderunt,
886 3742 1154 3787 errores
1194 3718 1500 3806 detege-ie
1529 3729 1600 3782 et
1621 3715 1947 3802 castigare
1973 3718 2274 3816 neglexit
2295 3713 2440 3782 Bu-

351 3819 604 3888 herius.
696 3822 877 3914 Quid
897 3823 931 3888 ’ἶ
987 3823 1168 3910 quod
1213 3843 1451 3886 omnes
1487 3819 1882 3885 conciliatui
1883 3843 1960 3886 us
2006 3845 2084 3888 eo
2116 3818 2440 3910 processit

306 3983 318 3986 -
347 3946 506 4014 pag.
542 3924 687 3993 255.
716 3950 813 4016 sq.
853 3940 934 3994 vt
958 3924 1407 3994 Anchialeum
1435 3933 1956 3992 monumentum
1987 3923 2194 3992 fuisse
2224 3945 2439 3992 ceno-

351 4025 663 4121 taphium
684 4029 1061 4108 conficeret.
1103 4015 1311 4104 Nobis
1336 4049 1465 4120 per
1481 4025 1740 4117 singula
1763 4029 2169 4120 scriptorum
2185 4047 2436 4096 exem-⁴
