2826 4740
1148 298 1325 361 -ss-a
1413 296 1796 375 158⁶—-

410 488 791 559 missorum
812 462 1273 565 recensionem
1321 452 1702 547 institutam
1743 501 1916 547 esset
1960 502 2263 569 quonam
2291 480 2527 570 Choe-

424 592 621 662 rilus
636 590 913 657 consilio
952 587 1243 654 similem
1288 604 1647 649 recensum
1689 581 2060 651 instituisse
2099 582 2467 653 videatur
2445 608 2526 654 m

428 694 745 784 Scythica
784 691 979 761 Darii
1024 688 1456 787 expeditione
1491 684 1963 765 describenda,
2039 686 2188 773 quai
2223 691 2523 777 quidem,

295 775 318 787 ’
382 782 391 791 ’
424 797 485 861 si
512 818 669 865 cum
684 794 927 862 Xerxis
958 791 1391 882 expeditione
1413 774 1883 875 contendatur,
1897 788 2228 877 ignobilis,
2247 803 2317 857 et
2339 814 2380 858 a
2399 814 2528 858 va-

426 876 668 965 rietate
714 908 783 961 et
808 894 1265 963 multitudine
1286 890 1584 979 populm
1585 915 1705 975 an
1759 915 1901 958 non
1941 894 2144 959 valde
2183 890 2527 963 laudanda

425 1002 569 1067 tuit
572 1000 605 1064 Τ
646 994 739 1067 Et
764 1020 901 1085 quc
930 997 1153 1077 modo,
1183 994 1241 1061 si
1279 994 1472 1077 fecit,
1505 992 1632 1059 sibi
1673 1016 1918 1061 cauere
1943 994 2257 1083 potuerit,
2299 1018 2388 1063 ne
2415 998 2526 1063 al·

424 1114 681 1169 terutro
711 1102 863 1167 loco
895 1101 968 1168 in
1014 1096 1383 1189 ieiunitatis
1430 1096 1676 1165 vitium
1703 1100 2120 1181 incurreret,
2161 1098 2273 1165 cui
2313 1094 2528 1165 iidem.

356 1286 361 1293 .
423 1206 663 1297 populi
692 1204 793 1272 bis
828 1194 1269 1269 enumerandi
1300 1200 1576 1269 essent?
1614 1201 1916 1277 Accedit,
1957 1199 2141 1287 quod
2171 1200 2392 1293 nescio
2431 1210 2562 1267 ans

425 1310 615 1375 nullo
644 1304 1026 1373 testimonio
1054 1304 1329 1391 liqueat,
1360 1303 1586 1385 Sacas,
1605 1300 1692 1370 de
1723 1302 1964 1393 quibus
1987 1306 2124 1392 agit
2146 1303 2526 1389 Choerilus,

427 1408 817 1479 cumDario
832 1419 1071 1474 contra
1088 1405 1367 1493 Scythas
1382 1405 1723 1493 profectos
1738 1430 1899 1473 esse.
1949 1406 2128 1474 Sane
2139 1407 2325 1476 Darii
2343 1416 2536 1472 tem·-

423 1536 596 1605 pore
642 1524 911 1577 eatenus
956 1532 997 1575 a
1038 1508 1247 1575 Persis
1294 1506 1664 1597 perdomiti
1705 1520 1900 1575 erant
1937 1508 2161 1601 Sacoe,
2205 1520 2316 1590 vt,
2355 1520 2530 1576 teste

422 1614 767 1688 Herodoto
809 1612 925 1678 111.
966 1610 1075 1699 95.
1126 1607 1502 1697 legitimum
1541 1608 1868 1679 tributum
1922 1612 2319 1701 penderent.
2417 1608 2528 1680 Cf.

429 1718 745 1783 eumdem
774 1714 887 1781 lib.
920 1714 1069 1781 VII.
1110 1734 1174 1805 9.
1258 1710 1485 1797 Atque
1505 1727 2138 1781 commemorantur
2159 1714 2260 1783 illi
2283 1716 2356 1780 in
2371 1736 2533 1804 pu·-

425 1844 555 1909 gna
576 1816 1059 1897 Marathonia,
1104 1813 1426 1883 VL115.
1503 1812 1769 1884 Verum
1815 1819 1926 1883 vel
1949 1816 2044 1883 sic
2066 1818 2528 1907 periculosum
2619 1816 2642 1833 '

371 1964 381 1981 2
424 1934 571 1987 erat
600 1919 844 2001 Dan-ic,
893 1929 1131 1983 contra
1159 1914 1446 2003 Scythas
1487 1918 1736 1985 ducere
1763 1932 2038 2009 gentem
2068 1918 2328 2007 origi-ne
2351 1920 2538 2009 Scy-

422 2023 698 2089 thicam.
780 2020 1013 2115 Igitur
1049 2020 1111 2085 si
1156 2018 1560 2089 Choerilum
1603 2024 1688 2089 de
1729 2023 2052 2113 Scythica
2099 2022 2592 2112 expeditione

338 2156 363 2205 g
427 2124 799 2242 scripsisse,
846 2134 916 2189 et
942 2145 1069 2211 per
1101 2144 1177 2187 se
1202 2144 1449 2211 parum
1493 2126 1850 2215 probabile
1878 2138 2004 2208 est,
2047 2148 2272 2212 neque
2298 2126 2532 2193 aliun-
2579 2182 2586 2192 .

427 2230 544 2308 de,
590 2227 721 2293 nisi
748 2234 837 2303 ex
882 2247 1023 2291 vno
1056 2224 1409 2292 Strabonis
1457 2228 1611 2293 loco
1651 2225 1875 2313 colligi
1915 2236 2168 2317 potest3
2213 2228 2271 2292 si
2316 2249 2526 2315 porro

426 2329 597 2398 illud
627 2328 927 2397 Choerili
956 2328 1446 2417 fragmentum,
1491 2342 1631 2417 quo
1656 2329 1750 2397 ibi
1778 2329 2002 2396 vtitur
2016 2327 2370 2427 Ephorus,
2393 2332 2532 2400 tale

430 2445 562 2515 est,
604 2445 686 2500 vt
725 2453 901 2518 aegre
934 2441 1207 2498 tantum
1246 2429 1335 2497 ad
1372 2416 1766 2519 Scythicam
1811 2417 2310 2521 expeditionem
2337 2433 2562 2500 refe--

426 2537 652 2604 ratur:
699 2538 849 2622 quis
894 2546 1025 2616 est,
1071 2556 1279 2623 quem
1322 2557 1461 2601 non
1499 2533 1751 2601 subeat'
1781 2532 2147 2617 dubitatio,
2190 2554 2280 2602 an
2314 2555 2532 2607 num-⁴

386 2646 391 2650 ’
430 2632 637 2722 quam
682 2635 768 2701 de
808 2635 1245 2725 expeditione
1284 2638 1407 2710 illa
1444 2635 1788 2728 scripserit
1814 2637 2222 2704 Choerilus?
2307 2637 2531 2707 Sensit

430 2738 861 2807 Casaubonus
875 2787 896 2820 ,
938 2761 1019 2806 ac
1054 2739 1259 2805 sentit
1282 2740 1607 2828 quisque,
1643 2737 1951 2806 Choerili
1989 2736 2406 2826 fragmento,
2463 2744 2523 2810 si

428 2841 655 2929 ipsum
686 2851 1051 2932 spectetur
1064 2835 1189 2932 per
1232 2863 1339 2925 se,
1394 2842 1732 2932 aptiorem
1767 2841 2004 2907 sedem
2045 2840 2358 2944 inueniri¹
2382 2868 2529 2916 non

429 2965 651 3036 posse,
678 2963 880 3031 quam
907 2946 982 3016 in
1011 2967 1091 3010 ea
1114 2941 1434 3030 carminis
1465 2944 1550 3010 de
1575 2939 1806 3014 Xerxe
1829 2955 2044 3033 parte,
2087 2967 2179 3013 ex
2203 2919 2344 3035 qua¹
2361 2969 2530 3015 ver-

432 3067 543 3113 sus
572 3047 929 3115 nonnullos
964 3044 1424 3118 seruauerunt
1447 3047 1770 3138 Iosephus
1802 3060 1884 3118 et
1899 3049 2272 3116 Eusebius·
2251 3076 2272 3132 3
2315 3051 2530 3118 nimi-

425 3170 591 3214 rum
621 3149 697 3215 in
739 3153 1131 3232 recensione
1170 3153 1583 3246 populorum
1613 3151 1926 3218 Xerxis
1903 3176 1979 3218 m
2007 3149 2338 3220 Graeciam
2380 3165 2528 3219 tra-

428 3249 783 3319 iecturum.
872 3254 1098 3344 Atque
1141 3253 1237 3320 ita
1278 3263 1394 3322 est·
1469 3252 1663 3343 'Quae-
1685 3277 1721 3319 r
1723 3243 2134 3342 efragantur,
2179 3254 2526 3324 Strabonis

346 3415 365 3432 Ι
430 3353 641 3419 verba
670 3355 852 3425 haec·
894 3360 974 3439 ἣν
1008 3361 1207 3438 ἔζευξε·
1233 3362 1538 3446 Δαρεῖος,
1582 3377 1796 3441 quum
1829 3377 1970 3422 non
1999 3377 2144 3421 vno
2171 3357 2374 3422 modo
2397 3357 2530 3424 ‹le-

430 3439 616 3522 flecti
639 3469 839 3544 atque
880 3461 1191 3550 expediri
1227 3463 1522 3577 possint,
1565 3459 1662 3524 ita
1687 3470 1761 3527 vt
1786 3458 1896 3522 vel
1923 3457 2290 3526 Straboni'
2251 3477 2362 3543 is,
2405 3462 2526 3548 qni

434 3555 642 3639 ine'st,
688 3581 883 3628 error
920 3565 1299 3646 tribuatur,
1342 3561 1508 3631 vel
1488 3555 1617 3652 1psi
1653 3560 1968 3658 Ephoro·
2013 3558 2209 3624 nobis
2237 3560 2382 3628 haec
2408 3583 2528 3628 ra·-

434 3659 534 3723 tio
576 3655 909 3748 facillima
930 3668 1081 3734 visa
1122 3677 1241 3734 est.
1362 3662 1711 3754 Ephorus
1731 3651 1903 3729 nihil
1945 3663 2332 3751 scripserat,
2392 3661 2526 3732 nisi
2605 3729 2629 3742 f

332 3833 340 3843 ,
433 3763 618 3830 hoec:
661 3773 957 3853 Χοιρίλος
998 3775 1065 3838 ἐν
1091 3799 1168 3860 τῃ
1212 3767 1503 3854 ‹loupiac-eo
1527 3769 1638 3847 τῆς
1679 3772 1961 3853 σχεδίας·
2002 3763 2370 3849 Μηλονόμοο
2395 3777 2524 3834 etc.

436 3865 550 3928 vel
570 3866 917 3956 similiter,
962 3895 1101 3937 non
1134 3871 1361 3939 addito
1408 3870 1664 3938 Xerxis
1693 3867 2000 3950 nomine,
2045 3891 2258 3955 quum
2301 3869 2526 3938 Choe..

437 3969 546 4036 rili
576 3990 853 4041 carmen
882 3975 966 4042 de
986 3973 1222 4042 Xerxe
1264 3985 1407 4041 tum
1431 3973 1505 4038 in
1532 3971 1846 4038 manibus
1875 3984 2050 4038 esset
2071 3969 2414 4052 omnium,
2453 3982 2530 4037 et
2593 4023 2604 4028 -

440 4069 727 4160 proinde
750 4097 957 4148 nemo
994 4077 1251 4171 ‹le-alia·
1282 4099 1490 4167 quam
1517 4074 1760 4155 Xerxis
1789 4087 1938 4145 rate
1959 4072 2250 4162 cogitare
2279 4085 2526 4162 posset,

2787 598 2812 639 :a

2761 724 2772 733 Q

2790 656 2816 1263 —lus-et-euffnff‘„
