2826 4740
1156 376 1500 440 -70

414 537 603 594 ctum
627 537 696 590 et
720 522 1031 591 fucatum
1054 486 1439 592 sermonem
1461 521 1621 592 fieri
1646 517 1890 614 potuit.
1931 523 2075 592 Iam
2089 545 2274 618 vcrp,
2293 547 2505 613 quum

300 619 305 626 ’
414 640 636 694 totum
676 628 845 710 hoc,
889 627 1069 716 quod
1108 623 1315 696 desei
1300 649 1457 716 tppl,
1500 625 1804 693 nouandi
1847 623 2197 693 studium
2178 651 2312 694 iam
2347 641 2507 695 ante

414 733 913 804 Alexandrinos
942 742 1011 795 et
1033 729 1602 846 Euphorionem
1579 751 1654 795 ιιι
1688 727 2090 796 Antimacho
2119 728 2506 829 deprehen-
2597 721 2604 736 ¹

320 859 326 867 ‘
418 835 585 902 dere
609 837 855 925 possit,
868 833 1317 921 quicumque
1337 830 1478 898 eius
1505 820 1887 942 fragmenta
1916 844 2232 905 excutere
2261 837 2506 902 volue-

286 969 325 995 .·
418 937 548 1011 rit
592 960 821 1003 nonne
848 938 999 1004 veri
1024 937 1245 1004 simile
1272 945 1409 1016 est,
1454 933 1607 1000 illos
1635 936 1776 1000 ιιοιι
1809 935 2033 1002 solum
2063 957 2162 1009 ea,
2207 959 2356 1025 quae
2381 937 2508 1001 de-

418 1039 785 1104 monstrari
810 1040 990 1122 licet,
1032 1039 1149 1105 sed
1180 1037 1312 1105 alia
1338 983 1644 1104 eiusdem
1671 1037 1932 1127 generis
1957 1039 2192 1116 multa,
2237 1037 2345 1104 de
2347 1040 2510 1126 qui-

418 1139 547 1206 bus
608 1165 796 1208 nunc
852 1142 1121 1210 nonnisi
1160 1140 1530 1230 suspicioni
1567 1143 1762 1208 locus
1813 1141 2048 1224 datur,
2105 1141 2508 1208 Antimacho
2555 1213 2581 1222 ,

420 1243 707 1324 debere,
748 1245 965 1332 po'etae
1007 1232 1377 1352 praeclaro,
1436 1255 1504 1310 et
1537 1267 1744 1332 quem
1783 1244 2016 1311 indole
2055 1241 2512 1329 doctrinaeque'

421 1359 491 1411 et
536 1345 927 1414 insolentiae.
938 1367 1185 1424 amore
1231 1369 1588 1438 supparem
1629 1345 1755 1412 sibi
1784 1345 2164 1412 sentirent?
2207 1345 2298 1413 Vt
2327 1367 2513 1411 nunc

418 1469 527 1515 res
556 1460 675 1522 est,
707 1447 777 1512 in
808 1459 997 1516 tanta
1016 1449 1401 1516 Antimachi
1425 1447 1966 1538 fragmentorum
1992 1446 2369 1514 breuitate
2349 1447 2514 1514 imi-

423 1539 690 1615 tationis
702 1552 1323 1620 Alexandrinorum
1352 1551 1650 1618 indicia
1631 1575 1705 1616 ιιι
1729 1549 1956 1616 verbis
1983 1547 2263 1636 singulis
2291 1551 2513 1643 potis-

420 1651 670 1739 simum
715 1668 1069 1722 constant.
1114 1655 1233 1722 sed
1262 1655 1836 1722 constructionem
1869 1644 2134 1738 q'uoque
2156 1663 2222 1715 et
2247 1672 2510 1718 nexum

424 1735 745 1820 orationis
782 1758 963 1846 apud
1008 1757 1209 1823 illum
1235 1755 1446 1824 fuisse
1473 1754 1954 1824 Alexandrinis
1980 1758 2182 1841 quam
2209 1753 2511 1828 Homero
2576 1761 2584 1769 ’

420 1857 858 1946 propiorem,
913 1862 1023 1933 vel
1084 1871 1270 1926 certe
1324 1861 1507 1928 inter
1560 1872 1886 1947 Vtrosque
1933 1855 2275 1948 medium,
2330 1869 2517 1941 sunt,

422 1981 573 2044 quae
616 1963 960 2028 suadeant.
1016 1963 1436 2040 Nicandrum
1465 1967 1928 2030 aemulatorem
1957 1938 2170 2025 fuisse
2194 1957 2514 2026 Antima-

424 2057 584 2137 chi,
622 2060 909 2128 diserte
888 2085 1026 2128 iam
1051 2075 1331 2132 testatus
1360 2078 1461 2131 est
1485 2065 1802 2135 Nicandri
1837 2034 2237 2128 scholiastes.
2297 2061 2512 2152 Quod

420 2159 724 2228 indicare
781 2187 923 2230 non
952 2167 1215 2233 omisit
1252 2147 1854 2254 Schelienbergius.
1943 2161 2076 2232 Sed
2116 2164 2301 2230 idem
2341 2167 2507 2232 alios

422 2257 1161 2354 poetasAlexandrinos
1192 2283 1259 2334 et
1276 2269 1618 2336 Nicandro
1643 2269 1988 2356 antiquiol
1991 2291 2060 2334 es
2091 2269 2333 2356 egisse3
2345 2279 2514 2336 tum

422 2386 617 2449 vern,
654 2368 839 2457 quod
870 2374 1103 2460 paullo
1119 2387 1294 2439 'ante
1323 2374 1541 2460 posui,
1563 2372 2045 2440 Alexandrinis
2076 2369 2293 2435 multa
2317 2394 2511 2437 com·-

423 2470 661 2536 mu'nia
708 2471 917 2540 fuisse
968 2499 1123 2542 cum
1158 2474 1638 2564 Euphorione,
1693 2475 1814 2563 qui
1845 2486 1914 2539 et
1949 2474 2096 2565 ipse
2122 2471 2515 2539 Anum-achi

421 2574 684 2659 passim
716 2553 1055 2663 imitator,
1102 2580 1436 2666 exemplis
1471 2578 1869 2666 probarem,
1915 2600 2045 2642 nee
2071 2574 2316 2640 sterilis
2339 2574 2514 2642 fot-et

425 2672 823 2763 disputatio,
880 2678 956 2743 si
979 2679 1187 2745 huius
1220 2694 1391 2745 esset
1429 2682 1576 2746 loei-
1651 2678 1787 2747 Sed
1835 2676 2140 2767 profecto
2184 2672 2514 2767 exemplis

384 2800 387 2803 ’
423 2795 567 2841 non
593 2800 886 2863 egemus.
931 2780 1169 2846 Fuerit
1196 2781 1416 2864 enim,
1462 2783 1578 2868 qui
1606 2782 1732 2846 ista
1756 2780 1990 2865 omnia
2021 2779 2416 2865 detorqueat
2443 2793 2528 2848 et-

422 2894 809 2961 remoueat„
832 2883 1101 2967 Fuerit,
1142 2884 1260 2970 qui
1288 2886 1628 2965 ostendat,
1673 2883 1967 2950 noluisse
1995 2882 2512 2963 Alexandrinos,

316 3056 329 3083 l
422 2982 719 3049 noluisse
760 2984 1277 3081 Euphorionem
1319 2978 1574 3058 imitari
1618 2986 2140 3065 Antimachum,
2185 2996 2253 3050 et
2284 3008 2514 3052 rursus

420 3082 727 3171 Euphm
704 3111 932 3154 ionem
979 3102 1051 3157 et
1086 3090 1584 3159 Alexandrinos
1624 3114 1695 3157 se
1738 3090 2036 3155 inuicem
2078 3088 2334 3153 imitari
2385 3112 2514 3153 no·-

421 3184 655 3286 husae,
716 3189 907 3257 Nihil
959 3193 1271 3282 impedit.
1341 3194 1626 3263 Summa
1687 3204 1758 3257 et
1799 3203 2006 3279 caput
2041 3188 2512 3275 disputationis

422 3300 669 3353 nostrae
698 3295 1022 3361 manebit.
1067 3296 1210 3363 Hoc
1240 3296 1576 3363 manebit:
1602 3297 1752 3359 illos
1783 3294 2040 3381 pariter
2067 3312 2304 3355 omnes
2333 3314 2508 3375 rara,

420 3388 805 3475 recondita,
867 3410 935 3463 et
992 3400 1242 3487 partim
1292 3422 1605 3489 prorsus,
1671 3395 1923 3484 partim
1979 3417 2106 3483 pro
2159 3393 2509 3482 epicorum

422 3496 913 3564 consuetudine
942 3500 1333 3583 insolentia,
1379 3523 1458 3565 ac
1486 3510 1853 3589 propterea
1879 3483 2214 3579 difficilia,
2261 3510 2329 3563 et
2361 3505 2510 3584 unae

422 3596 892 3668 enodationem
922 3626 964 3669 a
993 3604 1448 3690 grammaticis
1479 3602 1845 3689 exigerent,
1889 3598 2259 3665 amauissez
2303 3598 2511 3686 idque

385 3715 387 3722 ·
420 3694 605 3764 forte
644 3700 924 3769 fortuna
977 3707 1069 3772 sic
1110 3704 1457 3786 accidisse,
1519 3714 1586 3769 et
1629 3701 1776 3769 sine
1822 3712 2065 3769 mutua
2103 3700 2510 3785 imitatione,

304 3816 311 3829 “
418 3822 595 3887 aegre
632 3804 761 3872 sibi
802 3808 1055 3895 aliquis·
1080 3810 1500 3899 persuadeat.
1557 3806 1769 3888 Illud,
1827 3805 2010 3893 quod
2047 3804 2318 3885 monui,
2360 3804 2514 3869 Eu-

306 3958 313 3975 .
417 3901 825 3991 phorionem
855 3922 919 3975 et
932 3908 1428 3983 Alexandrinos
1459 3922 1693 3997 poetas
1721 3908 2020 3973 noluisse
2043 3904 2326 3973 fortasse
2349 3905 2512 3971 imi-

422 4006 549 4073 tari
612 4009 1096 4078 Antimachum
1116 4063 1135 4095 ,
1207 4036 1347 4077 non
1405 4014 1550 4078 sine
1597 4034 1828 4078 caussa
1869 4006 2132 4079 monui.
2221 4006 2510 4075 Videtur
2551 4075 2574 4085 ,

424 4112 609 4179 enim
638 4112 1089 4202 demonstrari
1116 4102 1317 4204 posse
1334 4166 1359 4199 ,
1410 4126 1480 4181 et
1509 4111 2028 4205 Euphorionem
2051 4110 2320 4205 etinter
2345 4110 2511 4180 Ale-
