2826 4740
2313 344 2344 380 S

1009 310 1407 436 ,mes

320 516 635 604 ‚quaedam
669 538 811 584 uon
848 515 1071 592 solum
1118 537 1249 604 pro
1290 517 1482 606 epica
1513 521 1995 590 consuetudine
2021 518 2406 610 ἰιιέοῙειιιει,

320 619 441 684 sed
492 629 724 687 contra
766 619 1309 706 omnemlinguae
1342 643 1545 686 vsnm
1575 643 1926 712 vsu-rpasse
1958 627 2228 691 videtur
2259 629 2406 694 Ana.

320 721 673 788 timachus.
714 725 910 792 ,Tam
950 723 1227 790 difficile
1276 733 1377 788 est
1415 744 1689 791 seruare
1717 727 2022 792 modum.
2085 723 2406 816 Magnam

318 824 555 908 vtique
602 827 788 914 apud
833 826 1133 893 eruditos
1171 825 1638 902 celebritatem
1663 843 1939 896 nactum
1969 841 2066 896 est
2096 831 2410 896 Antima-
2447 871 2456 878 ·

320 927 654 1017 obis-epos.
725 926 934 1016 Quod
970 948 1122 1012 quae
1164 938 1495 994 testantur
1536 929 1916 1017 testimonia
1955 943 2262 998 veterum
2296 931 2408 998 di-

316 1041 535 1111 serta,
576 1049 801 1117 :quum
862 1027 1099 1094 eadem
1156 1029 1242 1096 ad
1286 1029 1684 1098 Choerilum
1745 1043 2084 1122 spectent,
2141 1033 2322 1098 infra
2365 1057 2407 1100 a

282 1121 287 1126 ⁵
316 1153 451 1212 me,
469 1130 601 1197 alia
624 1129 1005 1213 occasione,
1024 1133 1766 1200 commemorabuntur.
1813 1135 2070 1204 Verum
2095 1133 2190 1215 id,
2220 1122 2402 1218 quod

316 1231 493 1302 mihi
532 1232 833 1322 persuasi
854 1283 873 1317 ,
918 1233 1122 1322 digito
1162 1246 1548 1300 monstrare
1585 1235 1844 1322 placet,
1887 1235 2012 1300 etsi
2059 1235 2146 1300 ad
2179 1235 2408 1302 ehoe-a

316 1334 527 1402 rilum
557 1356 695 1402 non
732 1335 1061 1426 pertinet,
1104 1357 1310 1424 quam
1340 1337 1484 1402 vim
1507 1337 1588 1410 ,ιιι
1606 1337 1842 1427 poesin
1871 1337 2261 1406 Graecorum
2295 1361 2410 1404 se-

317 1439 573 1505 riorem
590 1484 613 1522 ,
667 1438 929 1526 epicam
973 1437 1317 1523 maxime,
1378 1438 1696 1510 habuerit
1731 1439 2120 1530 Antimaehi
2169 1447 2406 1506 aucto?-

492 1643 737 1712 Sermo
779 1641 1400 1712 Alexandrinorum
1437 1653 1798 1735 poetarum
1817 1667 1856 1718 ‚·
1885 1642 2132 1732 quibus
2159 1642 2408 1716 adiuti·-

320 1765 484 1834 gere
508 1745 689 1823 soleo
716 1745 1265 1831 Euphorionem,
1308 1747 1393 1813 ab
1421 1748 1784 1814 Homerico
1805 1766 2118 1812 sermone
2145 1745 2404 1812 mirum

319 1860 651 1936 quantum
694 1844 1046 1936 discrepat.
1120 1851 1255 1918 Sed
1294 1863 1566 1918 tantum
1609 1850 2016 1940 discrepat,
2035 1859 2112 1915 vt
2155 1821 2407 1934 aliquid

320 1949 504 2017 hunc
544 1949 727 2014 inter
766 1961 833 2014 et
860 1948 1005 2015 illos
1036 1953 1345 2019 medium
1369 1953 1754 2022 interfuisse
1789 1963 2125 2040 oporteat.
2177 1952 2268 2019 Vt
2300 1963 2406 2016 to-

317 2062 473 2118 tum
512 2049 682 2116 illud
732 2049 1053 2120 doctrinae
1075 2055 1417 2136 stud-ium,
1461 2055 1534 2122 in
1559 2077 1699 2172 queo
1717 2057 1871 2126 laus
1899 2052 2406 2120 Alexandrino-

320 2177 479 2220 rum
508 2175 775 2220 summa
800 2151 1019 2243 posita
1044 2169 1181 2242 est,-
1223 2181 1367 2228 ιιοιι
1392 2157 1533 2228 ab
1511 2159 1670 2248 ipsis
1699 2159 2064 2224 inuentum
2097 2154 2251 2236 fuit,
2285 2153 2408 2220 sed

322 2256 407 2326 ab
453 2256 595 2322 aliis
634 2257 850 2322 multo
891 2268 1049 2324 ante
1074 2269 1385 2348 tempore
1410 2271 1868 2350 praeparatum
1893 2271 1963 2324 et
1990 2258 2250 2344 egregie
2279 2280 2408 2322 ex-
2513 2269 2532 2312 >

322 2360 619 2427 cultum:
662 2359 757 2425 ita
795 2369 1063 2450 tempus
1104 2361 1310 2431 fuisse
1344 2385 1617 2429 necesse
1659 2374 1759 2430 est
1793 2374 1946 2427 ante
1995 2355 2414 2427 Alexandri-
2499 2424 2506 2434 ,

321 2484 480 2543 nos,
523 2485 661 2548 quo
694 2464 928 2529 eodem
962 2465 1163 2531 modo
1190 2465 1302 2529 vel
1325 2463 1566 2544 simili,
1591 2432 1680 2526 .ιᾶ
1712 2470 1831 2542 est,
1876 2461 2112 2564 docm,
2148 2459 2410 2559 loquuti

322 2561 583 2630 fuerint
628 2576 870 2651 poetae0«
924 2568 1107 2639 Tum
1148 2588 1315 2635 vero
1356 2566 1479 2635 hos
1515 2573 1775 2655 poetae,
1820 2565 1928 2629 vel
1967 2585 2179 2630 vnum
2212 2586 2304 2629 ex
2330 2564 2412 2631 iis

322 2663 852 2755 celeberrimum
904 2668 1113 2735 fuisse
1170 2680 1237 2733 et
1290 2672 1536 2753 magno
1594 2667 1917 2754 exemplo
1977 2679 2248 2732 necesse
2291 2676 2409 2731 est·
2435 2725 2440 2735 .

324 2766 645 2853 Alzoquin
670 2770 867 2839 illum
897 2796 1041 2839 non
1066 2770 1400 2844 imitaturi
1427 2768 1711 2835 fuissent
1737 2768 2204 2841 Alexandrini.
2263 2769 2413 2834 Ho-

321 2892 487 2942 rum
516 2882 747 2935 autem
768 2879 1034 2955 aeer
1074 2874 1157 2939 de
1188 2872 1392 2961 epicis
1419 2874 1714 2941 maxime
1739 2872 2016 2957 loquor),
2059 2871 2255 2936 nulla·
2279 2871 2410 2936 alia

326 2994 409 3042 re
445 2971 709 3053 doetus,
754 2974 1182 3058 reconditus,
1235 2974 1534 3043 insolens
1557 3022 1576 3055 ,
1602 2972 1940 3050 difficilis,
1999 2972 2412 3039 Alexandri-

326 3100 491 3157 nus,
537 3074 751 3141 factus
798 3085 931 3158 est,
974 3074 1101 3140 nisi
1143 3098 1263 3157 eo,
1304 3075 1482 3161 quod
1515 3076 1826 3163 primum
1863 3095 1988 3139 suo
2016 3073 2163 3139 illi
2143 3073 2414 3161 ingenio

279 3203 283 3207 ·
328 3202 587 3265 suoque
632 3175 917 3246 arbitrio
962 3177 1036 3245 ιιι
1087 3177 1458 3244 verborum
1503 3174 2021 3275 significatione,
2077 3178 2415 3267 composi-

234 3317 239 3325 ·
329 3284 549 3365 tione,
609 3281 1117 3349 constructione
1156 3290 1361 3363 atque
1400 3280 1585 3345 hexu
1628 3300 1765 3343 uon
1794 3298 2012 3365 pauca
2039 3292 2410 3362 nouarunt3

333 3384 640 3466 deinde,
656 3382 839 3472 quod
882 3406 974 3451 ex
998 3382 1292 3453 aliorum
1320 3402 1598 3487 poeseos
1626 3402 1955 3467 generum
1983 3379 2274 3449 dialectis
2301 3394 2416 3447 at·-

334 3506 467 3575 que
490 3508 839 3569 sermone,
884 3509 970 3553 ex
998 3486 1217 3575 lyrico
1248 3504 1526 3569 genere,
1568 3482 1822 3570 tragico
1839 3530 1860 3565 ,
1907 3493 1973 3547 et
1997 3505 2083 3549 ex
2112 3484 2420 3571 vulgari·-

333 3580 458 3655 hus
510 3589 811 3675 gentium
866 3586 1319 3674 quarumdam
1377 3586 1671 3653 dialectis
1723 3585 1939 3653 multa
1997 3594 2414 3673 receperunt,

337 3713 483 3779 quae
510 3690 597 3757 ab
626 3693 897 3778 antiqua
914 3689 1243 3757 sermonis
1266 3686 1719 3777 simplicitate,
1749 3684 2132 3767 Homerica,
2159 3685 2414 3752 abhor·
2491 3716 2512 3734 ο

323 3798 588 3862 *ren-ent.
670 3793 781 3861 Ex
818 3792 923 3861 his
956 3795 1173 3859 multa
1208 3790 1309 3858 illi
1342 3788 1528 3857 haud
1577 3788 1778 3857 dubie
1801 3812 1923 3855 suo
1959 3789 2178 3859 Marte
2208 3811 2412 3857 vsur-

336 3903 697 3986 pauerunt.
753 3895 969 3975 Multa
995 3895 1211 3961 alium
1240 3916 1535 3981 eumque
1558 3893 1865 3980 altiorem
1889 3892 2153 3958 fontem
2188 3890 2416 3956 habu·

264 4040 271 4052 ·
340 4000 469 4063 isse
508 3996 771 4063 debent.
832 3996 1066 4083 Neque
1106 3997 1281 4077 enim
1326 3996 1586 4073 subito,
1625 4000 1848 4081 neque
1875 3993 2014 4061 tam
2050 4015 2197 4059 sera
2222 4003 2416 4058 aetate

257 4086 282 4101 ³
344 4100 545 4189 epioae
582 4120 857 4191 poeseos
897 4101 1215 4171 transitus
1256 4122 1301 4168 a
1335 4096 1768 4191 simplicitate
1805 4094 2135 4165 sermonis
2157 4094 2266 4174 ,ad
2291 4093 2418 4163 do·-
2466 4155 2467 4159 ,
