2826 4740
1238 297 1275 308 Α,
1338 300 1422 382 57
1509 278 1762 358 ........·'

322 473 577 564 goediae
608 467 1141 568 conformatione
1168 471 1614 560 quaerendum
1645 481 1764 545 est.
1811 469 2066 542 Contra
2091 441 2422 575 Choerili,
2445 513 2448 518 ·
2577 481 2586 490 ‘

324 579 520 664 quod
557 555 993 664 Ecphantidae
1041 577 1376 666 praeberet
1416 573 1784 656 auxillum,
1826 573 1902 638 in
1929 575 2075 662 ipsa
2103 578 2418 648 elabora-

322 679 507 746 tione
534 691 601 742 et
624 676 985 766 scriptione
1010 678 1313 768 positum
1342 676 1556 742 fuisse·
1577 675 1792 742 videri
1823 689 2064 764 potest.
2114 683 2416 750 Omnino
2511 731 2513 736 -

320 779 523 848 valde
551 779 1011 866 frequentatus
1038 780 1147 845 hic
1182 782 1315 849 fuit
1342 779 1528 863 lusus
1561 780 1854 859 comicis,
1899 793 1976 846 vt-
1995 781 2155 850 alios
2181 799 2416 873 poetae
2520 861 2526 866 ,

320 884 571 978 passim
599 884 715 948 vel
742 883 871 948 hoc
900 886 1013 949 vel
1028 882 1147 948 illo
1175 885 1490 950 adiutore
1516 906 1668 948 vsos
1697 881 1840 946 esse
1867 884 2414 956 criminarentur.

318 987 515 1056 Vnde
542 999 809 1056 natum·
828 997 1047 1072 poetae
1092 985 1367 1067 comici,
1425 984 1652 1050 nescio
1684 995 1911 1052 Vtrum
1939 984 2412 1077 Aristophanis

324 1109 415 1154 an
451 1077 851 1174 Ph1ynichi‚
894 1087 969 1153 in
1012 1088 1420 1176 Sophoclem
1447 1085 1802 1154 dicterium
1833 1089 2016 1176 apud
2040 1089 2414 1177 Diogenem

320 1189 672 1266 Laertium
714 1191 788 1256 in
812 1191 2211 1267 Polemone..

500 1292 815 1382 Hesychii
856 1292 1448 1384 Ἐκκεχοιριλωμεῖνη
1496 1291 1660 1380 quid
1699 1291 1824 1361 sibi
1864 1295 2069 1375 velit,
2108 1257 2206 1364 ita
2233 1321 2421 1368 nuno

323 1398 567 1484 liquet,
611 1393 781 1462 nihil
821 1407 897 1461 vt
939 1396 1278 1482 reliquum
1325 1395 1449 1478 sit,
1505 1396 1707 1482 quod.
1722 1397 2163 1490 explicatione
2205 1413 2422 1490 egeat.

322 1499 563 1585 Neque
586 1499 779 1564 altius
811 1511 1061 1587 praeter
1088 1499 1280 1578 illud,
1310 1497 1393 1562 de
1427 1521 1564 1584 quo
1595 1500 1900 1586 exposui,
1933 1498 2026 1566 ibi
2055 1501 2218 1568 latet
2245 1527 2420 1568 acu-

328 1623 507 1670 men.
542 1630 558 1648 ·
576 1599 841 1666 Interea
881 1612 1026 1668 tam
1066 1601 1325 1688 largam
1366 1601 1646 1667 ludendi
1691 1603 2039 1668 materiam
2080 1605 2428 1691 praebebat

332 1703 643 1776 Choerili
669 1725 953 1784 nomen,
1012 1725 1207 1790 paene
1232 1705 1307 1768 vt
1330 1701 1666 1789 singulare
1695 1701 1871 1767 foret
1887 1753 1908 1785 ,
1951 1706 2007 1770 si
2033 1709 2112 1770 ea*
2135 1709 2431 1777 materia.
2525 1762 2532 1772 .

329 1816 404 1872 se
445 1800 781 1870 abstinere
816 1804 1163 1894 potuerint
1198 1816 1417 1892 poetae
1445 1803 2160 1875 comici.-Et1fortasse
2191 1812 2428 1878 Choe‘-
2463 1863 2468 1874 ,

285 1914 291 1926 “
329 1901 446 1976 rili
475 1908 715 1974 comici
736 1895 1007 1986 nomen,
1051 1917 1201 1971 tum
1229 1928 1394 1972 vero
1432 1909 1634 1972 etiam
1666 1907 1964 1975 Choerili
1992 1913 2250 2005 tragici,
2280 1938 2422 2000 non

292 2009 473 2076 'vno
514 2009 719 2076 modo
757 2007 1135 2090 detortum,
1182 2020 1250 2072 et
1287 2008 1363 2072 in
1407 2008 1814 2076 obscoenum
1857 2015 2104 2100 partim
2149 2039 2424 2084 sensum
2469 2001 2474 2006 ’

332 2135 741 2210 conuersum
782 2109 1222 2192 haberemus,
1266 2108 1320 2174 si
1350 2111 1580 2207 plures
1614 2125 1955 2183 exstarent
1980 2117 2426 2204 antiquorum
2469 2130 2477 2136 '

332 2202 693 2332 poetarum
723 2213 1141 2280 comicorum
1166 2202 1440 2279 fabulae.
1500 2213 1836 2300 Equidem
1864 2218 2127 2300 nesci0,
2172 2244 2264 2286 an
2287 2249 2426 2310 χρι-

330 2324 503 2407 pilos·
548 2328 616 2383 et
641 2319 871 2407 ipsum
901 2317 1075 2384 illud
1100 2316 1389 2383 verbum
1421 2315 1773 2403 ἕκχοιριλόω
1804 2318 2136 2385 obscoena
2163 2322 2432 2411 signifi-

336 2422 601 2487 catione
631 2422 1007 2487 etiamnum
1039 2430 1261 2485 exstet
1291 2418 1473 2505 apud
1503 2420 1940 2503 Hesychium.
1988 2421 2430 2512 Quamquam
2529 2475 2535 2493 .

304 2523 435 2591 ”ibi
480 2547 618 2588 non
646 2520 995 2609 respicitur
1025 2520 1403 2586 Choerilus}
1467 2519 1778 2606 Hesychii
1807 2523 2021 2609 glossa
2048 2523 2432 2613 impeditis-

334 2628 508 2694 sima
552 2636 681 2690 este
741 2622 1163 2713 ''Euxolpmtec‘
1208 2628 1742 2711 ἕκχοιρηλωμέναι.
1765 2624 2111 2705 ‚Animum
2168 2628 2429 2695 Eadem
2503 2714 2507 2719 .

336 2727 521 2819 apud
548 2714 1037 2797 Phauorinum.
1078 2725 1329 2815 Toupii
1358 2726 1745 2793 aduersaria
1776 2727 2112 2817 inspicere
2142 2747 2279 2795 non
2303 2732 2431 2795 da·-

334 2825 470 2911 tur.
514 2828 804 2897 Videant
829 2826 960 2891 viri
989 2827 1244 2895 eruditi
1261 2827 1297 2907 ‚¹
1324 2850 1416 2893 an
1444 2828 1621 2893 forte
1648 2828 1852 2909 scribi
1885 2827 2133 2917 possit:
2175 2828 2430 2917 Ἐκχοί-

336 2953 541 3021 ρηκες·
584 2932 1157 3013 ἔκκεχοιριλωμένοι.
1217 2930 1628 3017 ’.Εκχοίρηκας
1671 2930 1786 2997 vel
1811 2935 2176 3017 ἒκχοίρακας
2209 2930 2433 2997 dicere

340 3032 565 3127 potuit
588 3030 833 3100 viduos
858 3030 1137 3099 rudium
1160 3030 1528 3096 hominum
1546 3053 1792 3100 sermo.
1839 3032 2049 3123 Quod
2074 3054 2428 3119 gramma-

343 3140 516 3205 ticus
576 3131 980 3227 modestior,
1048 3134 1537 3221 etymologiam
1595 3133 1784 3198 vocis
1829 3136 2436 3221 demonstraturu8‚

342 3226 847 3325 ambiguitatem
872 3234 1379 3325 significationis
1406 3234 1726 3319 retinenS,
1771 3236 2209 3326 explicueritt
2255 3242 2432 3307 ἕκκε-
2489 3290 2496 3296 -

276 3397 283 3404 .
344 3344 791 3434 χοιριλωμένοι,
821 3335 1119 3433 porculo
1138 3338 1438 3427 priuati.
1483 3340 1767 3419 Verum,
1797 3348 1876 3403 vt
1904 3337 2071 3419 dixi,
2099 3337 2185 3403 ad
2205 3339 2438 3407 Choe-

344 3448 555 3515 rilum
580 3454 852 3531 poetam
883 3444 1013 3507 hoc
1042 3462 1180 3509 non
1207 3442 1516 3532 pertinet.
1563 3439 2048 3511 Obscoenitatis
2079 3442 2280 3507 etiam
2308 3444 2441 3509 ali-

346 3545 515 3636 quid
540 3544 615 3609 in
643 3545 1025 3631 fragmento
1042 3592 1061 3627 ,
1104 3553 1185 3607 vt
1212 3544 1387 3610 bene
1420 3545 1851 3631 coniecerunt
1870 3590 1889 3621 ,
1935 3542 2310 3631 Sophronis
2337 3546 2443 3610 la·-

270 3684 275 3692 ·
348 3663 497 3717 tere
538 3647 955 3736 suspicabar:
1020 3648 1087 3711 εἶ
1123 3644 1201 3711 τοὶ
1246 3648 1366 3716 τῶν
1409 3646 1769 3732 χοιραγχᾶν.
1831 3644 2040 3733 Quod
2073 3666 2257 3710 nunc
2285 3655 2444 3713 cum

348 3752 497 3839 ipso
538 3750 895 3838 Apollonio
939 3748 1149 3815 edidit
1178 3750 1522 3815 Be‘kkerus
1553 3745 1802 3813 Anecd.
1839 3749 1972 3814 vol.
2007 3746 2090 3813 11
2123 3771 2270 3836 pag.
2291 3748 2446 3815 542:

352 3874 503 3942 pag.
538 3851 687 3916 625.
730 3854 837 3919 De
860 3872 942 3915 eo
978 3847 1342 3939 disputauit
1368 3848 1626 3915 Bastius
1661 3848 1742 3913 ad
1787 3850 2071 3937 Gregor.
2105 3850 2262 3929 Cor..
2295 3872 2447 3939 pag.

353 3951 1064 4040 552.594.Sy1burgii
1094 3952 1498 4017 coniecturae
1515 3949 1688 4015 nihil
1712 3948 1957 4017 tribuo·
2004 3950 2180 4017 Mihi
2196 3954 2455 4019 obuer-

290 4103 295 4112 ·
356 4056 634 4123 sabatur
674 4054 1253 4147 Aristophaneum
1296 4052 1468 4129 illud
1511 4074 1602 4131 ex
1640 4052 1882 4143 vespis
1921 4076 1988 4123 v.
2021 4054 2219 4133 ι555.
2263 4055 2466 4123 Nunc
2664 4140 2691 4178 c
