2826 4740
1031 312 1678 385 κ-μυδ--ι-

309 484 546 567 tradit,
582 484 661 551 *id
698 486 1059 555 confirmat
1100 484 1484 557 Hellanicus
1530 490 1710 577 apud
1753 484 1992 583 steph.-
2031 496 2188 585 Byz.
2221 497 2298 565 in
2331 518 2407 567 v.

304 585 663 677 -.Δμύργωω
742 588 1041 697 Quibus
1076 590 1296 657 lucem
1336 590 1633 657 affundit
1691 594 1944 665 Ctesias
1984 597 2164 685 apud
2205 600 2402 683 Phot.
2471 649 2478 658 ι

308 711 465 779 pag.
516 690 657 759 108.
699 712 801 778 sq.
856 682 1167 781 Quippe
1204 704 1488 777 cognata
1529 709 1692 762 sunt
1732 702 2010 766 nomina
2056 698 2406 791 Amorgos

308 804 380 869 et
406 792 767 884 Amyrgii·
832 793 1208 861 Arrianus
1185 817 1258 860 m
1286 798 1683 865 vniuersum
1717 799 2002 889 Scythas
2031 802 2404 891 distinguit,

310 907 390 961 vt
416 896 557 978 alii,
598 898 963 986 Europaeos
992 909 1189 984 atque
1214 894 1530 979 Asianos3
1569 898 1666 965 ita
1697 911 1769 966 vt
1793 903 1969 987 illos,
2013 905 2404 995 Europaeos,
2473 948 2480 953 ·

307 998 609 1088 potiores
649 1011 721 1064 et
761 1000 1099 1072 maximos
1138 998 1345 1071 fuisse
1388 1000 1598 1085 dicat,
1643 1002 1754 1069 lib.
1787 1004 1900 1073 IV.
1931 1005 2080 1071 init.
2166 1010 2246 1073 In
2269 1030 2415 1094 quo.
2501 1013 2512 1031 '

308 1100 438 1167 hoc
466 1102 783 1191 notabile,
828 1100 1007 1189 quod
1031 1100 1252 1169 Abies
1283 1102 1462 1171 Asiae
1502 1106 1810 1195 assignet,
1855 1119 2096 1173 contra
2125 1109 2404 1179 Homeri
2431 1118 2436 1129 ’

308 1215 644 1274 mentem:
707 1204 1031 1271 nimirum
1080 1230 1221 1273 non
1260 1230 1399 1273 vno
1437 1230 1700 1295 semper
1739 1208 1888 1274 loco
1929 1212 2225 1279 constitit
2260 1226 2401 1279 tam
2439 1271 2444 1280 .

310 1328 557 1395 anceps
600 1330 875 1375 nomen.
910 1384 915 1391 ,
962 1307 1163 1387 Sacas
1198 1320 1429 1375 autem
1471 1322 1962 1393 commemorat
2001 1297 2187 1379 ideni
2223 1316 2404 1404 inter

304 1406 499 1474 Darii
538 1408 719 1497 apud
759 1406 1010 1479 Arbela
1049 1410 1306 1503 copias,
1348 1406 1462 1476 ΙΙΙ.
1512 1406 1686 1479 vm.
1727 1434 1798 1500 Ρ.
1835 1412 1970 1479 ιι4.
2003 1414 2224 1481 Gron.
2276 1426 2405 1488 Εἵ-

306 1536 494 1578 nesto
534 1518 602 1579 δὲ
650 1510 858 1600 αὐτοῖς
894 1520 1003 1581 και
1036 1512 1275 1582 Σάκαι·
1330 1511 1656 1581 Σκυθικον
1693 1516 1870 1581 τοῦτο
1907 1542 1978 1583 το
2017 1520 2224 1604 γένος,
2281 1522 2402 1587 τῶν

308 1612 421 1694 τήν
449 1604 673 1683 ’Ᾰσίαν
706 1613 1110 1685 ἐποικούντων
1114 1614 1436 1687 ’Σκυθων
1479 1614 1598 1701 οὔχ
1625 1611 1891 1693 ‘timiama
1925 1617 2107 1687 οὗτοι
2119 1618 2398 1701 Βήσσου,

208 1762 217 1771 ·
308 1715 467 1785 ἄλλα
497 1747 649 1788 κατα
676 1720 1029 1809 συμμαχὶαν
1055 1750 1169 1801 την
1196 1723 1492 1807 Ampelon·
1566 1718 1828 1785 Iterum
1860 1742 2403 1797 commemoran-

310 1824 534 1891 turin
558 1824 723 1907 acie,
767 1848 914 1912 cap.
941 1822 1052 1891 XI.
1086 1848 1149 1915 p.
1186 1844 1364 1911 119.
1956 1866 1962 1871 -

478 1926 679 2011 Haec,
724 1950 870 2017 quae
898 1922 1040 1993 dixi
1058 1977 1078 2009 ‚
1120 1926 1337 1993 nolim
1365 1928 1464 1995 ita
1488 1925 1772 2015 intelligi
1789 1977 1808 2009 ,
1853 1952 1994 2017 acsi
2017 1927 2300 2019 Scythas
2323 1932 2402 1997 in

304 2026 581 2125 Europa
618 2030 993 2119 aborigines
1034 2030 1244 2097 fuisse
1283 2042 1538 2120 putem.
1643 2028 1718 2095 Id
1763 2052 1979 2117 neque
2025 2031 2402 2101 Herodotus

308 2134 551 2215 voluit,
597 2133 715 2221 qui
748 2130 1007 2201 lib.'·1V.
1049 2156 1147 2201 11.
1182 2156 1416 2201 eorum
1465 2131 1855 2218 opinionem
1895 2132 2199 2223 adoptet,
2245 2139 2404 2223 qui-
2503 2156 2512 2165 ·

301 2235 433 2301 bus
460 2234 725 2326 Scythae
768 2233 1245 2321 antiquissimis
1277 2234 1698 2325 temporibus
1721 2234 1798 2299 in
1826 2235 1984 2301 Asia
2003 2250 2191 2305 trans
2221 2241 2403 2305 Ara-

181 2392 193 2415 ,
302 2362 468 2410 xem
495 2340 828 2407 habitasse
859 2338 1301 2408 videbantur·
1348 2336 1436 2404 ad
1463 2360 1666 2424 quem
1695 2336 1982 2405 fluuium
2011 2337 2210 2406 etiam
2227 2342 2403 2408 Dio-

306 2441 509 2508 'dorus
533 2442 946 2542 Scytharum
977 2439 1169 2507 initia
1199 2441 1438 2506 refert.
1525 2439 1784 2506 Verum
1815 2461 1893 2504 ea
1919 2451 2231 2529 tempora
2255 2453 2399 2510 tam

305 2549 467 2610 sunt
495 2546 764 2632 antiqua
794 2554 863 2607 et
906 2554 1050 2608 tam
1084 2542 1404 2621 obscura,
1421 2549 1524 2603 vt
1553 2539 1962 2627 Scytharum
2007 2542 2281 2609 historia
2311 2547 2398 2611 ab

307 2669 387 2712 eo
408 2647 697 2714 'demum
723 2658 1031 2735 tempoie
1056 2655 1243 2710 recte
1279 2653 1693 2733 capessatur,
1739 2664 1876 2730 quo
1905 2645 2242 2738 Europoei
2249 2699 2276 2730 ,
2321 2660 2402 2718 vt

304 2749 481 2832 dixi,
522 2736 828 2819 fuerunt.
918 2747 1125 2838 Quod
1169 2745 1229 2812 si
1270 2747 1618 2838 ponimus,
1663 2747 1992 2834 acquiesci
2029 2751 2280 2837 poterit
2323 2751 2399 2819 in

291 2867 449 2934 'e0,'
480 2853 657 2940 quod
703 2851 1061 2919 Choerilus
1112 2850 1349 2931 tradit,
1409 2849 1607 2916 Sacas
1661 2847 2060 2935 Scytharum
2105 2853 2400 2938 colonos,

300 2953 618 3033 ἇποῖκους,
651 2951 897 3026 fuisse:
942 2975 1177 3038 quum,
1223 2951 1280 3014 si
1309 2949 1395 3015 ad
1439 2961 1752 3034 tempora
1791 2950 1910 3015 illa
1937 2952 2400 3038 antiquissima

304 3067 373 3122 'et
414 3053 818 3140 Scytharum
858 3052 1052 3116 initia
1093 3071 1448 3136 assurgere
1501 3050 1704 3131 velis,
1772 3050 2098 3118 dubitatio
2139 3055 2400 3140 subeat,

304 3181 393 3226 an
411 3169 661 3248 patres
690 3157 917 3248 potius
946 3165 1015 3218 et
1053 3152 1442 3224 conditores
1483 3175 1685 3238 quam
1727 3155 1958 3240 coloni
1985 3154 2398 3243 Scytharum

302 3260 559 3327 fuerint
584 3260 788 3328 Sacae·
852 3257 1110 3340 'Vnus‚
1158 3252 1332 3342 quod
1370 3254 1611 3338 sciam,
1657 3255 1784 3322 hac
1827 3257 1899 3321 in
1925 3251 2007 3321 're
2054 3259 2140 3323 ad
2167 3261 2398 3326 Choe-

221 3433 234 3450 .
285 3362 511 3428 ÷rilum
541 3347 796 3429 acceilit
826 3361 1031 3440 testis,
1058 3359 1395 3448 Scymnus
1423 3358 1636 3444 Chius
1665 3358 1740 3422 in
1768 3357 2072 3424 versibus
2097 3360 2198 3443 iis,
2225 3383 2396 3447 quos

308 3488 395 3533 ex
422 3464 773 3532 Holstenii·
798 3461 1057 3530 schedis
1104 3460 1479 3552 publicauit
1513 3459 1847 3560 Ryckiu‘s‚
1891 3473 2037 3548 post
2066 3454 2396 3537 Hdlstenii

303 3564 378 3632 in
405 3559 826 3654 Stephanum
852 3563 1313 3654 castigationes
1340 3585 1493 3649 pag.
1526 3560 1672 3648 578.
1759 3561 1818 3626 Ii
1847 3575 2073 3628 tamen
2099 3589 2236 3631 non
2268 3568 2398 3632 ad·-

285 3669 482 3736 „dunt
519 3691 777 3734 nouum
826 3669 1093 3759 pondus
1132 3665 1436 3731 Choerili
1495 3664 1899 3747 narrationi,
1973 3667 2089 3732 sed
2125 3681 2408 3760 tantum·

307 3769 711 3836 confirmant
756 3770 1101 3840 Strabonis
1138 3766 1223 3834 de
1273 3765 1588 3832 Choerilo
1627 3767 2110 3834 testimonium.
2219 3771 2398 3862 Scy...

303 3895 508 3938 mnus
551 3871 735 3936 enim
762 3873 1067 3940 hocloco
1106 3893 1193 3937 ex
1222 3869 1500 3958 Ephoro
1530 3865 1835 3956 profecit.
1925 3869 2133 3956 Quod
2167 3885 2233 3939 et
2253 3875 2396 3963 ipse

310 3973 595 4053 fatetur,
640 3984 708 4036 et
750 3985 981 4062 aperte
1023 3973 1270 4059 liquet,
1313 3973 1369 4038 si
1408 3969 1761 4038 Strabonis
1798 3971 2028 4036 locum
2063 3997 2219 4062 pag.
2247 3978 2396 4044 465.
2431 3999 2444 4012 ’-

308 4075 480 4156 464.,
526 4073 643 4162 qui
672 4075 913 4163 etipse
932 4073 1289 4162 Ephorum
1320 4071 1700 4162 exscripsit„
1721 4095 1878 4140 cum
1903 4074 2202 4162 Scymno
2227 4101 2398 4164 con..
